1546 2756
549 455 611 525 T.
649 452 798 502 LIVI

257 567 384 634 *AB
426 577 654 632 VRBE
695 576 1076 632 CONDITA

514 711 686 749 LIBER
712 710 854 748 XXVI

111 820 152 849 Ν.
169 808 331 848 Fuluius
348 809 607 849 Centumalus
623 809 666 846 P.
681 806 878 859 Sulpicius
899 807 1029 847 Galba
1044 808 1228 846 consules
1247 819 1340 846 cum
1362 815 1381 844 1

28 872 49 934 '‘J‘'
62 875 97 927 3·
131 888 150 914 s
163 874 317 913 Martiis
330 873 601 925 magistratum
613 871 789 921 inissent,
805 881 945 912 senatu
958 874 999 911 in
1014 872 1258 923 Capitolium
1275 885 1342 910 uo-

65 957 121 987 ο
139 940 192 979 de
216 953 258 978 re
280 938 450 990 publica,
473 939 525 978 de
550 937 896 978 administratione
921 936 1027 986 belli,
1050 938 1103 977 de
1126 936 1341 988 prouinciis

31 1003 37 1054 j
131 1004 331 1055 itibusque
344 1011 474 1055 patres
489 1004 784 1043 consuluerunt.
834 1004 885 1053 Q.
903 1002 1049 1042 Fuluio
1061 1004 1137 1053 Ap.
1157 1003 1339 1050 Claudio,
1363 1014 1380 1036 2

33 1065 38 1079 '¹
68 1066 156 1110 ris
173 1070 268 1108 anni
281 1069 523 1117 consulibus,
540 1076 795 1120 prorogatum
808 1068 1019 1120 imperium
1031 1075 1091 1108 est
1105 1076 1226 1119 atque
1240 1081 1343 1107 exer-

34 1136 40 1192 ss
68 1128 90 1182 ᾖ
138 1148 239 1187 quos
257 1134 463 1174 habebant
478 1133 636 1183 decreti,
655 1133 940 1185 adiectumque
957 1147 1009 1174 ne
1021 1147 1046 1173 a
1061 1134 1202 1185 Capua
1220 1147 1342 1184 quam

35 1226 51 1252 .ss
76 1197 105 1243 ’ζ’
107 1199 257 1241 debant
274 1200 537 1240 abscederent
556 1199 788 1252 priusquam
813 1206 1118 1251 expugnassent.
1179 1200 1238 1238 Ea
1257 1207 1342 1239 tum
1363 1214 1381 1246 3

38 1262 39 1266 ¹
80 1262 101 1313 ἔτ
122 1265 292 1305 maxime
312 1264 488 1306 intentos
504 1265 680 1305 habebat
700 1267 921 1314 Romanos,
939 1279 1022 1305 non
1038 1266 1089 1305 ab
1103 1264 1160 1304 ira
1174 1272 1341 1313 tantum,

38 1326 41 1340 ³
84 1341 113 1378 -ζ
145 1330 187 1371 in
209 1332 362 1371 nullam
386 1345 564 1382 unquam
590 1331 794 1371 ciuitatem
820 1330 959 1371 iustior
984 1331 1066 1379 fuit,
1091 1344 1212 1383 quam
1232 1331 1343 1382 quod
1362 1342 1383 1373 4

40 1389 45 1401 '¹
126 1403 208 1437 tam
225 1396 373 1437 nobilis
392 1410 439 1436 ac
459 1405 614 1448 potens,
635 1396 737 1436 sicut
757 1397 983 1436 defectione
1002 1410 1074 1436 sua
1091 1402 1260 1436 traxerat
1277 1397 1344 1436 ali—

52 1516 54 1518 *
129 1463 311 1515 populos,
325 1461 381 1501 ita
392 1470 550 1514 recepta
561 1461 797 1502 inclinatura
814 1476 946 1502 rursus
967 1462 1121 1502 animos
1134 1461 1345 1502 uidebatur

47 1570 53 1571 ἶ
131 1525 238 1567 teris
261 1526 418 1579 imperii
445 1535 680 1578 respectum.
739 1529 792 1567 Et
811 1527 1059 1579 praetoribus
1086 1527 1224 1579 prioris
1248 1526 1344 1566 anni
1363 1537 1381 1569 5

45 1632 58 1646 Ἰ
86 1585 220 1632 ‘Iunio
237 1591 280 1632 in
305 1593 471 1641 Etruria,
493 1593 537 1631 P.
558 1592 796 1644 Sempronio
821 1592 863 1632 in
890 1592 1019 1633 Gallia
1045 1606 1137 1632 cum
1163 1591 1268 1632 binis
1293 1592 1345 1632 le-

44 1651 203 1713 1i3.'bus
219 1672 318 1710 quas
336 1659 560 1698 habuerant
578 1666 834 1710 prorogatum
848 1665 910 1698 est
927 1658 1150 1710 imperium.
1207 1659 1344 1697 Proro-
1361 1660 1384 1694 6

48 1767 65 1780 r
100 1730 113 1779 J
125 1742 145 1758 ι·
171 1731 213 1764 et
228 1726 288 1764 M.
310 1725 514 1772 Marcello,
531 1731 575 1762 ut
595 1737 668 1774 pro
685 1724 851 1763 consule
869 1723 911 1763 in
930 1723 1063 1764 Sicilia
1080 1723 1232 1775 reliqua
1251 1722 1345 1762 belli

48 1792 71 1842 ’ἶ
97 1787 157 1843 js·
183 1796 224 1830 et
248 1802 298 1829 eo
321 1789 494 1830 exercitu
519 1802 640 1840 quem
666 1789 856 1830 haberet:
884 1788 918 1828 si
937 1790 1218 1840 supplemento
1243 1802 1344 1840 opus
1364 1794 1383 1831 7

96 1862 118 1905 ᾗ
145 1857 344 1907 suppleret
351 1856 403 1894 de
415 1854 639 1907 legionibus
651 1854 798 1906 quibus
806 1856 848 1894 P.
860 1854 1070 1895 Cornelius
1082 1868 1154 1906 pro
1167 1861 1346 1906 praetore

54 1913 72 1940 ·⁴'·
97 1914 124 1987 e.
152 1916 215 1957 'lia
233 1926 442 1969 praeesset,
459 1919 558 1958 dum
577 1931 629 1957 ne
646 1931 768 1970 quem
789 1917 956 1958 militem
975 1919 1122 1970 legeret
1139 1930 1188 1958 ex
1207 1930 1257 1958 eo
1274 1930 1347 1956 nu·
1363 1922 1383 1952 8

127 2018 130 2020 ’
149 2015 370 2050 Centumalus
386 2017 558 2060 sagonam,
571 2017 613 2058 cf.
627 2027 678 2058 25.
691 2029 743 2058 41.
762 2028 799 2049 11
818 2029 827 2050 z
850 2018 1050 2050 centimalus
1065 2018 1113 2050 Πθ
1243 2028 1263 2048 2
1287 2028 1346 2048 ex-

57 2093 74 2102 &
99 2066 110 2095 J·
147 2082 152 2085 -
199 2064 237 2092 nt
250 2059 300 2093 ed.
324 2061 428 2093 Rom.
456 2071 539 2102 1472
554 2061 645 2093 ald.:
684 2067 941 2102 oppugnassent
966 2062 1014 2094 Πθ
1157 2071 1177 2101 3
1202 2060 1251 2092 Ea
1276 2066 1344 2092 tum

56 2108 71 2126 -ῗ
140 2102 149 2112 ’
167 2113 248 2135 mox
265 2115 369 2136 curan
392 2115 472 2136 cura
491 2106 644 2146 scn‘pSt't:
666 2105 725 2137 del.
747 2116 852 2148 curan
868 2105 915 2138 P1
930 2110 961 2137 et
973 2105 1034 2148 P2)
1053 2106 1143 2138 ald.:
1168 2115 1253 2137 eam.
1275 2110 1345 2136 tum

59 2153 64 2169 ἱ
95 2181 98 2183 Α
141 2145 252 2178 DAO
313 2148 346 2180 in
362 2149 487 2180 nullam
503 2148 650 2179 RlMB:
674 2149 708 2180 in
725 2149 828 2180 ullam
844 2149 938 2181 PCR
1004 2161 1025 2190 4
1049 2154 1241 2190 respectum
1261 2148 1347 2180 nlo:

69 2220 73 2223 ,
118 2205 163 2216 ων·
190 2201 234 2222 m
249 2190 332 2233 Pqfi
350 2201 405 2224 22.
423 2203 454 2225 2.
471 2202 512 2232 23
531 2203 582 2232 27.
607 2203 655 2233 17.
677 2203 712 2232 13
729 2203 783 2233 27.
801 2204 853 2233 40.
876 2204 894 2234 7
911 2193 1012 2226 adnn.
1029 2198 1061 2225 et
1073 2193 1111 2225 de
1126 2192 1348 2234 dittograpln'a

211 2234 322 2275 sadn.
398 2244 419 2276 5
442 2235 477 2267 in
494 2236 631 2268 Etruria
648 2235 786 2269 A⁷oald.
804 2248 811 2269 ε
837 2247 860 2268 n
875 2237 1003 2269 etruria
1018 2237 1072 2268 P:
1096 2238 1223 2268 etruria
1239 2234 1346 2267 n³R²z

59 2283 85 2329 ἓξ
101 2308 115 2315 ,,
133 2276 181 2309 ‘R
266 2278 302 2310 in
318 2277 428 2311 Gallia
443 2278 632 2311 PA⁷0ald.:
655 2279 757 2319 gallia
777 2279 821 2312 ΠΒ
973 2281 996 2311 6
1010 2280 1140 2321 reliqua
1155 2277 1348 2320 «mmm

142 2343 145 2345 >
165 2318 294 2362 )Gron.
311 2331 321 2353 z
346 2323 505 2363 reliquias
518 2321 643 2354 BDAo
655 2323 742 2356 Edd.
756 2328 832 2355 ante
844 2322 968 2356 Gmn.:
990 2323 1131 2364 reliquia
1142 2323 1267 2364 M²(uel
1272 2321 1316 2354 M

99 2375 127 2410 :g
157 2373 219 2405 pro
233 2370 392 2405 praetore
407 2366 443 2406 J,
463 2368 502 2408 cf
525 2375 578 2406 27.
598 2376 652 2398 21.
671 2367 694 2398 6
717 2366 795 2398 adn.
812 2377 821 2398 z
843 2371 1043 2408 propraetor
1072 2367 1143 2410 (uel
1159 2365 1281 2408 -pret-)
1297 2365 1331 2398 A

71 2405 272 2462 ,3K‚cfic.
289 2419 319 2442 2.
338 2420 380 2450 4:
405 2410 522 2451 proiff
539 2420 590 2442 πε
613 2420 675 2451 pro
691 2403 725 2451 β.
742 2409 821 2444 r.D

146 2472 186 2496 -ιο
1221 2463 1241 2498 1
