1546 2756
660 131 982 174 PRAEFATIO

166 249 540 282 crediderim—tantum
565 245 657 277 enim
681 244 722 275 ab
745 255 765 275 r
786 244 982 283 discrepant
1007 239 1144 272 codices
1160 237 1337 272 AN—sed
1354 249 1399 272 ex
1417 224 1499 272 alio*

167 302 283 343 potius
299 299 511 341 interposito.
562 298 663 339 (Vide
679 296 727 327 sis
743 300 888 327 stemma
904 294 938 325 in
955 304 986 334 p.
1004 292 1050 323 vii
1067 302 1170 333 supra
1185 291 1387 334 depictum.)

220 361 240 412 ξ
257 363 303 412 87
319 374 353 401 c.
384 362 449 400 De
460 360 576 410 stzrpe
588 360 784 397 Puteanea
797 357 853 395 ad
852 356 975 405 finem
987 353 1105 392 Libri
1117 353 1251 392 XXX.
1281 351 1499 402 Quoniam

167 435 206 467 et
225 434 315 478 post
334 440 396 476 30.
420 436 453 476 5.
479 436 498 474 7
519 424 646 463 codex
666 425 873 461 Romanus
901 419 1025 471 periit,
1050 425 1089 458 et
1109 415 1255 458 desinit
1276 417 1489 458 Mediceus

168 499 256 543 post
279 505 339 542 30.
365 493 423 529 26.
455 504 516 538 10,
536 487 667 539 magni
687 487 848 526 interest
861 492 903 524 ut
919 486 970 524 de
985 483 1192 524 codicibus
1216 483 1438 523 CBDAN
1445 482 1498 542 1d

169 564 337 596 statuere
367 567 567 601 conemur,
595 566 673 604 qua
698 550 931 591 auctoritate
959 548 1039 588 nixi
1068 549 1134 588 uel
1162 555 1290 587 toturn
1321 546 1491 588 Librum¹

168 623 285 660 XXX
315 622 379 660 uel
414 621 647 670 plerumque
685 616 769 657 eius
801 616 909 656 Libri
941 615 1170 666 praebeant.
1228 611 1487 653 Colbertinus

168 686 342 737 quidem,
365 686 431 736 qui
452 697 577 735 usque
593 684 643 722 ad
661 684 780 721 finem
797 680 933 733 pergit,
952 693 1083 731 neque
1099 693 1146 719 ea
1161 685 1270 730 parte
1287 677 1397 717 Libri
1417 676 1501 718 ubi

168 753 212 791 P
225 758 348 791 exstat
362 763 493 801 neque
508 749 574 788 ubi
594 748 657 787 ille
673 748 808 787 deficit
825 759 956 786 mores
977 758 1069 785 suos
1085 744 1243 784 uidetur
1259 742 1494 784 mutauisse.

171 818 220 855 In
247 815 386 855 codice
420 814 525 854 enirn
560 813 647 864 ipso
681 814 835 851 nullum
868 818 927 851 est
962 809 1154 850 indicium
1184 816 1253 849 aut
1283 821 1414 849 nouae
1447 807 1499 853 in«

169 888 340 921 extrema
370 887 477 931 parte
508 878 616 918 Libri
645 891 786 917 manus
819 884 886 916 aut
920 875 1136 916 scribarum
1169 873 1495 927 perturbationis

171 947 258 986 Nec
294 959 389 985 uero
426 945 578 984 desistit
613 944 651 983 C
684 944 781 983 tales
819 941 1010 982 lectiones
1048 940 1237 993 praebere
1274 940 1412 991 quales
1448 938 1499 980 in

171 1013 349 1050 Puteano
378 1011 496 1049 fuisse
524 1008 617 1049 licet
645 1008 826 1048 conicere
852 1009 918 1047 uel
946 1008 1083 1059 quales
1112 1005 1240 1046 scriba
1267 1004 1364 1056 ipse,
1391 1005 1446 1044 du
1481 999 1484 1002 ⁴

170 1077 349 1116 codicem
381 1090 428 1115 ex
459 1077 503 1114 P
527 1074 724 1122 describit,
765 1072 893 1124 potuit
927 1071 1147 1123 excogitare
1185 1069 1296 1144 (uide
1321 1071 1340 1121 ξ
1369 1072 1418 1121 87
1433 1069 1496 1127 A).

1525 1240 1530 1256 ι

171 1285 204 1311 c.
220 1285 282 1319 41.
299 1285 333 1322 3,
355 1271 482 1310 ubiD
501 1270 670 1317 desinit3
699 1283 832 1322 neque
846 1270 944 1308 AN
954 1268 1029 1320 ipsi
1049 1269 1220 1307 multum
1238 1267 1394 1307 addunt
1408 1282 1421 1317 ς
1449 1266 1460 1306 i
1488 1282 1494 1301 ι

171 1336 314 1388 quibus
335 1336 530 1388 quidquid
550 1344 639 1387 post
659 1349 691 1375 e.
705 1350 769 1385 41.
788 1347 809 1386 5
825 1341 950 1375 exstat
971 1335 1011 1374 id
1026 1348 1050 1374 a
1064 1332 1203 1374 scribis
1221 1333 1358 1373 AzNz
1370 1331 1486 1386 (saec
1524 1325 1529 1376 'f

173 1400 263 1454 XIV)
288 1403 338 1441 de
366 1403 616 1452 Spirensiano
645 1402 766 1449 fonte,
796 1408 839 1440 ut
868 1401 1035 1449 uidetur,
1067 1398 1342 1440 haurientibus
1369 1412 1490 1439 omn
1524 1401 1528 1436 ἱ

172 1466 351 1506 additum
378 1474 447 1506 est.
506 1466 635 1517 Pergit
661 1466 823 1518 quidem
844 1467 885 1504 B
911 1479 1037 1516 usque
1063 1466 1116 1505 ad
1141 1479 1176 1506 c.
1197 1479 1261 1514 42.
1286 1478 1333 1504 21
1355 1463 1461 1518 (ante
1478 1481 1490 1515 g

174 1533 244 1571 sed
263 1539 351 1583 post
371 1533 477 1571 hunc
503 1533 635 1571 locum
656 1545 758 1583 quae
778 1539 996 1587 sequuntur
1014 1544 1038 1570 a
1057 1531 1214 1571 duabus
1233 1531 1350 1570 nouis
1370 1530 1479 1570 mani
1522 1567 1525 1578 ,

173 1596 248 1636 bus
281 1597 423 1648 scripta
452 1597 595 1646 sunt¹;
625 1604 664 1636 et
692 1604 782 1648 post
810 1598 984 1637 eundem
1013 1598 1148 1637 locum
1176 1597 1228 1637 ab
1258 1594 1483 1638 Colbertin
1523 1615 1525 1626 ι

174 1663 341 1701 multum
361 1661 566 1713 discrepat,
587 1676 679 1702 cum
699 1663 852 1702 A2N20
871 1661 1100 1714 saepissime
1120 1663 1331 1702 consentit.
1372 1660 1484 1701 Add
1521 1705 1524 1715 Ι

175 1728 284 1778 quod
303 1726 371 1778 qui
390 1734 482 1766 ante
502 1741 535 1768 c.
557 1741 621 1776 42.
643 1742 688 1766 21
710 1728 849 1767 crebro
875 1728 1007 1767 uerbis
1031 1727 1189 1767 omissis
1215 1725 1341 1778 spatia
1365 1739 1440 1765 uae
1479 1744 1489 1773 ῃ
1520 1749 1523 1782 3

175 1792 348 1843 praebet,
366 1792 434 1831 ubi
454 1793 682 1844 exemplaris
699 1793 930 1844 scripturam
946 1793 1075 1833 scriba
1093 1795 1223 1845 legere
1242 1805 1324 1832 non
1339 1798 1465 1844 poter
1480 1793 1492 1840 J
1519 1784 1523 1788 ⁴

177 1856 233 1909 (et
248 1858 324 1896 hoc
337 1860 563 1908 praesertim
584 1859 730 1897 factum
747 1866 806 1898 est
825 1858 867 1898 in
883 1859 1079 1911 capitibus
1094 1872 1143 1907 41
1161 1863 1202 1898 et
1213 1871 1263 1907 42
1280 1863 1451 1909 postqua
1462 1861 1490 1908 ..J

177 1923 366 1961 deficiunt
378 1922 544 1975 DAN),
559 1923 665 1963 idem
686 1931 824 1963 contra
843 1926 970 1964 codex
990 1924 1084 1963 inde
1103 1924 1155 1964 ab
1175 1937 1208 1963 c.
1225 1937 1289 1972 42.
1306 1937 1352 1962 21
1368 1935 1439 1974 spa
1457 1919 1466 1928 ’
1478 1939 1484 1971 ⁴.
1517 1937 1522 1980 ᾗ

178 2000 302 2026 uacua
326 2001 529 2038 nunquam
557 1989 730 2039 praebet.
788 1991 869 2029 Aut
890 1989 1005 2040 igitur
1026 2002 1127 2040 opus
1147 1988 1299 2029 codicis
1319 1989 1451 2028 Roma
1479 2034 1482 2036 v
1517 1981 1522 2001 ²

179 2051 423 2092 exscribendi
444 2060 532 2103 post
555 2067 589 2092 c.
610 2067 659 2102 42
682 2067 763 2093 non
787 2055 1023 2105 perductum
1044 2061 1126 2094 erat
1145 2055 1197 2094 ad
1217 2055 1351 2101 finem,
1371 2058 1440 2092 aut

179 2118 287 2168 quod
308 2119 432 2157 multo
453 2117 574 2169 magis
597 2119 802 2170 probabile
821 2119 1068 2167 crediderim,
1091 2121 1313 2159 Puteanum
1334 2116 1478 2157 saecul
1516 2128 1519 2138 ¹

222 2197 234 2217 ¹
260 2198 409 2229 Duarum
434 2209 590 2231 manuum
617 2202 720 2241 (saec.
746 2210 782 2232 xr
807 2205 844 2231 ut
867 2201 951 2240 uid.)
978 2211 1046 2232 una
1069 2200 1189 2242 incipit
1211 2201 1254 2232 ad
1276 2210 1306 2232 c.
1331 2209 1384 2239 42.
1401 2208 1441 2230 21
1466 2219 1473 2223 -

180 2250 291 2289 pergit
314 2261 421 2290 usque
445 2252 487 2282 ad
510 2261 539 2283 c.
565 2262 616 2291 44.
637 2261 668 2291 3,
687 2252 796 2284 altera
819 2253 860 2284 ab
884 2262 912 2285 c.
939 2263 991 2292 44.
1015 2262 1036 2292 4
1062 2251 1291 2295 (Carthagini)
1317 2260 1425 2291 usque

180 2301 281 2332 finem
300 2301 389 2333 Libri
403 2302 524 2334 tendit.
559 2304 646 2344 Hoc,
665 2304 754 2343 quod
771 2304 900 2344 primus
919 2304 1127 2336 indicauerat
1139 2304 1263 2345 Luchs,
1281 2302 1444 2336 confirma
1466 2324 1468 2326 .
1514 2305 1517 2319 ¹

182 2353 330 2392 Douglas
348 2353 386 2384 L.
400 2354 514 2394 Drew,
529 2355 585 2395 qui
604 2360 638 2386 et
655 2359 756 2386 totum
776 2355 925 2387 codicem
942 2356 1088 2396 perlegit
1100 2360 1134 2387 et
1151 2366 1228 2388 eum
1244 2365 1320 2387 cum
1337 2353 1475 2386 editio
1513 2364 1517 2379 ι’

180 2404 243 2436 bus
260 2405 433 2437 hodiernis
449 2407 483 2437 in
500 2406 601 2438 Libro
618 2406 721 2438 XXX
738 2406 830 2449 (post
846 2417 875 2440 c.
893 2407 950 2450 29)
966 2408 1218 2440 accuratissime
1235 2406 1389 2439 contulit.
1475 2405 1476 2408 ’

794 2460 886 2501 xviii
