1546 2756
144 140 284 178 XXVI
306 149 354 178 10
376 155 395 187 9
736 137 858 176 TITI
889 135 1008 175 LIVI

214 250 379 288 fuissent
398 262 490 288 cum
509 246 677 298 imperio
698 260 795 295 esse,
817 248 949 286 donec
970 245 1194 284 recessisset
1213 258 1238 284 a
1257 246 1380 285 muris
1399 240 1510 286 hos-‘⁴

155 329 194 352 10
215 316 267 353 Et
286 314 366 354 diei
385 314 495 365 quod
516 314 712 364 reliquum
732 311 805 351 fuit
820 319 859 351 et
874 318 995 350 nocte
1013 309 1242 361 insequenti
1262 311 1376 351 multi
1391 318 1498 351 tem

213 378 370 419 excitati
389 380 581 418 tumultus
602 385 693 416 sunt
714 379 1024 428 compressique.
1501 418 1504 422 ⁴

156 458 193 485 11
269 446 432 484 Postero
470 444 536 483 die
573 450 836 493 transgressus
869 442 1070 481 Anienem
1101 440 1313 481 Hannibal
1340 441 1383 482 in
1411 430 1502 482 aci¹

214 523 353 548 omnes
383 509 519 560 copias
550 507 684 547 eduxit
700 522 712 556 3
745 521 820 547 nec
850 509 1016 547 Flaccus
1044 508 1311 558 consulesque
1337 514 1486 547 certam
1497 503 1506 554 1-

176 592 192 615 a
213 575 493 614 detractauere.
525 572 732 613 Instructis
749 572 948 624 utrimque
967 572 1204 612 exercitibus
1218 572 1260 613 in
1276 574 1363 612 eius
1380 586 1503 625 pugn

212 655 348 680 casum
382 640 422 679 in
451 653 531 691 qua
561 639 654 679 urbs
685 641 816 678 Roma
845 638 987 678 uictori
1015 639 1238 690 praemium
1265 645 1382 687 esset,
1411 638 1489 678 im

211 706 349 757 ingens
369 705 562 756 grandine
582 704 727 744 mixtus
754 705 808 743 ita
827 712 1039 755 utramque
1061 703 1190 744 aciem
1213 704 1391 744 turbauit
1409 711 1454 744 ut
1484 698 1509 736 ἶ
1542 735 1543 738 ¹

211 773 328 811 armis
356 771 516 810 retentis
546 770 586 809 in
611 778 739 810 castra
761 784 848 809 sese
873 769 1104 821 receperint,
1127 769 1274 810 nullius
1301 771 1359 811 rei
1385 770 1505 810 min

174 854 192 884 3
211 850 332 887 quam
353 838 527 876 hostium
548 844 668 876 metu.
729 838 781 875 Et
801 843 962 887 postero
985 834 1051 875 die
1076 836 1223 875 eodem
1246 837 1339 876 loco
1357 835 1464 876 acies
1493 851 1497 866 ⁵

212 909 377 942 structas
415 903 558 942 eadem
587 909 800 952 tempestas
835 900 993 941 diremit
1007 915 1019 950 3
1056 899 1126 940 ubi
1155 900 1398 952 recepissent
1425 914 1470 942 se
1537 937 1538 940 ,

171 988 192 1020 4
210 975 347 1015 castra,
388 968 486 1006 mira
525 966 713 1006 serenitas
752 980 845 1006 curn
883 965 1169 1016 tranquillitate
1205 965 1419 1006 oriebatur.
1501 961 1504 963 Α

209 1032 439 1083 religionem
469 1045 516 1072 ea
545 1046 605 1071 res
634 1033 742 1082 apud
772 1033 931 1070 Poenos
969 1045 1085 1071 uersa
1112 1038 1185 1080 est,
1214 1032 1432 1084 auditaque
1497 1025 1505 1084 J

211 1097 452 1137 Hannibalis
466 1099 586 1136 fertur
601 1097 819 1148 potiundae
836 1096 911 1135 sibi
926 1095 1035 1136 urbis
1052 1099 1210 1137 Romae
1224 1098 1350 1137 modo
1361 1105 1493 1138 ment
1532 1110 1534 1112 ’

170 1180 189 1211 5
210 1175 293 1201 non
312 1162 406 1211 dari,
431 1162 555 1201 modo
576 1163 786 1200 fortunam.
846 1160 1033 1201 Minuere
1056 1163 1176 1201 etiam
1198 1175 1311 1214 spem
1330 1161 1415 1202 eius
1434 1163 1462 1202 d
1487 1189 1490 1195 ·
1529 1207 1532 1214 ¹

207 1227 320 1278 aliae,
347 1241 469 1278 parua
493 1240 729 1278 magnaque,
757 1240 830 1274 res,
853 1239 996 1277 magna
1025 1225 1092 1266 illa
1115 1228 1227 1278 quod
1250 1240 1343 1267 cum
1373 1226 1459 1279 ipse
1488 1281 1489 1285 Ἰ

210 1294 368 1335 moenia
387 1294 495 1334 urbis
518 1296 672 1333 Romae
693 1301 865 1332 armatus
887 1294 1043 1333 sederet
1062 1292 1209 1332 milites
1228 1294 1305 1333 sub
1324 1293 1477 1334 uexillis
1489 1286 1492 1290 Δ

172 1372 191 1405 6
209 1362 529 1412 supplementum
544 1360 767 1410 Hispaniae
782 1360 980 1410 profectos
992 1359 1130 1407 audiit,
1144 1373 1267 1411 parua
1280 1366 1415 1399 autem
1427 1372 1455 1411 q
1480 1362 1493 1403 ᾗ
1525 1349 1530 1362 ’

209 1439 278 1477 per
304 1439 372 1465 eos
401 1425 486 1465 dies
516 1439 608 1464 eum
639 1426 738 1463 forte
767 1438 903 1475 agrum
933 1424 973 1463 in
1003 1438 1085 1476 quo
1111 1425 1198 1476 ipse
1222 1433 1350 1464 castra
1374 1425 1493 1480 hans
1523 1467 1525 1470 ,

211 1490 367 1530 uenisse
392 1490 490 1529 nihil
520 1491 574 1529 ob
598 1488 641 1529 id
667 1489 876 1529 deminuto
903 1489 1029 1540 pretio
1055 1489 1261 1541 cognitum
1287 1503 1335 1530 ex
1361 1503 1482 1542 quo
1524 1498 1526 1501 ’

173 1570 190 1605 7
210 1555 370 1606 captiuo
407 1563 475 1595 est.
550 1556 601 1594 Id
639 1568 735 1594 uero
772 1556 876 1594 adeo
914 1555 1131 1606 superbum
1169 1562 1290 1606 atque
1327 1554 1466 1608 indign
1479 1565 1490 1586 ‚·
1520 1602 1524 1608 Ι

210 1621 340 1660 uisum
356 1620 439 1660 eius
452 1620 526 1660 soli
539 1622 650 1672 quod
664 1620 750 1672 ipse
766 1620 872 1660 bello
887 1628 1048 1671 captum
1062 1622 1282 1672 possideret
1295 1622 1485 1662 haberet(
1519 1608 1525 1633 ἒ

209 1685 418 1725 inuentum
439 1688 594 1726 Romae
620 1694 841 1738 emptorem
871 1694 915 1725 ut
942 1688 1143 1738 extemplo
1170 1693 1317 1727 uocato
1335 1701 1421 1739 pra·
1463 1703 1486 1731 ν’,
1522 1694 1523 1697 ’

210 1753 392 1793 tabernas
423 1747 659 1805 argentarias
688 1767 792 1805 quae
822 1753 927 1793 circa
964 1755 1094 1794 forum
1131 1756 1363 1796 Romanum
1401 1767 1458 1795 es
1481 1807 1484 1811 .
1518 1759 1521 1802 ᾗ

211 1817 364 1858 iusserit
383 1819 529 1859 uenire.

174 1897 192 1928 8
266 1884 344 1924 His
370 1892 500 1925 motus
530 1886 582 1925 ad
612 1887 772 1925 Tutiam
799 1885 966 1925 fluuium
997 1894 1124 1927 castra
1151 1886 1301 1927 rettulit
1329 1899 1398 1927 sex

258 1989 297 2010 ιο
319 1979 456 2010 excitati
476 1979 559 2011 CM1
577 1980 632 2011 uel
645 1979 824 2011 M²BDAO
840 1992 848 2012 :
872 1982 1050 2014 exercitati
1066 1981 1176 2013 PRM

255 2029 289 2053 11
312 2032 332 2052 2
358 2023 468 2054 Roma
487 2023 584 2055 nald.
602 2035 609 2055 ε
627 2034 768 2055 romana
785 2027 803 2055 θ
922 2026 1042 2057 uictori
1060 2027 1185 2068 (uictor
1199 2025 1247 2069 Β)
1262 2025 1451 2067 praemium

212 2066 301 2107 pre-)
310 2065 385 2098 τι·Βῖ
399 2076 407 2096 :
424 2068 608 2106 praemium
620 2068 737 2099 uictori
751 2068 891 2101 AoEdd.
903 2072 979 2100 ante
987 2070 1078 2111 Ald„
1094 2071 1134 2111 (gf.
1148 2073 1164 2109 ξ
1181 2071 1203 2102 6
1217 2074 1249 2102 et
1261 2081 1285 2101 c.
1300 2079 1330 2110 5.
1346 2080 1384 2110 17
1396 2068 1454 2102 ad
1508 2059 1515 2118 l

211 2119 231 2149 5
253 2119 350 2150 spem
362 2112 436 2141 eius
448 2110 501 2141 Αυ
515 2111 608 2142 Valla
621 2112 668 2143 ed.
682 2111 761 2143 Par.
781 2122 862 2152 1513
876 2124 983 2154 marg.
1002 2118 1032 2145 et
1045 2114 1091 2146 ed.
1111 2114 1204 2156 Mog.
1219 2115 1302 2154 1518
1316 2125 1325 2145 t
1349 2123 1413 2154 per
1424 2123 1467 2145 m

210 2166 238 2186 π
252 2165 260 2185 :
287 2164 350 2194 per
361 2154 491 2185 medius
504 2154 546 2185 M
559 2155 773 2196 (ubi-supra
792 2167 841 2187 -u—
857 2156 1010 2189 additum
1026 2159 1069 2189 ab
1084 2158 1153 2198 M⁵³‚
1174 2169 1254 2189 mox
1268 2158 1420 2199 erasum)
1435 2168 1445 2190 z
1462 2187 1469 2194 „

210 2196 332 2228 melius
341 2196 397 2228 Αθ
413 2197 499 2230 Edd.
513 2202 574 2230 uet.
593 2210 600 2229 :
617 2209 684 2230 om.
698 2199 734 2229 D
859 2201 945 2232 duae
962 2202 1027 2243 (i.e.
1039 2202 1077 2243 ii)
1089 2202 1175 2233 aliae
1185 2201 1300 2235 Madv.
1314 2200 1394 2234 Em.
1406 2205 1444 2243 p.
1460 2229 1465 2234 ,

211 2241 248 2281 qs.
265 2251 289 2271 ε.
307 2250 359 2279 51.
380 2251 400 2271 2
417 2241 493 2273 adn.
512 2253 519 2272 :
546 2246 581 2272 et
597 2242 683 2273 aliae
703 2243 761 2280 Πθ,
779 2245 840 2275 sed
851 2255 882 2275 -s
898 2249 932 2275 et
949 2248 1058 2276 totum
1073 2246 1154 2277 delet
1167 2244 1224 2276 M1
1235 2245 1333 2287 (fim-
1350 2249 1380 2276 et
1394 2243 1468 2276 Μ*-
1505 2237 1511 2287 l

211 2294 314 2323 parua
331 2295 520 2326 magnaque
536 2285 584 2325 M,
603 2285 811 2318 Gronouium
828 2289 1051 2327 confirmans:
1075 2299 1202 2331 paruae
1219 2299 1412 2330 magnaque
1421 2298 1462 2323 π’,
1504 2308 1509 2334 3

210 2338 336 2368 paruae
346 2339 556 2369 magnaeque
573 2329 642 2370 (uel
656 2340 713 2361 —ue
729 2332 838 2372 —neq.)
855 2332 894 2362 M
897 2331 966 2363 2Ao
981 2333 1068 2366 Edd.
1087 2337 1164 2365 ante
1180 2332 1282 2365 Gron.
1348 2333 1371 2363 6
1392 2340 1465 2374 pet
1503 2355 1508 2384 ὖ

210 2371 340 2444 ῙξΕᾱιί.
356 2377 418 2404 uel.
428 2416 453 2447 d
468 2383 527 2404 eos
552 2373 608 2413 Π]
704 2379 813 2406 castra
831 2376 969 2408 haberet
981 2387 1030 2410 πε
1055 2377 1197 2409 haberet
1213 2381 1323 2408 castra
1333 2375 1401 2418 Ao,
1446 2397 1456 2409 .

209 2425 226 2445 e
252 2426 278 2447 c.
299 2425 328 2455 5.
352 2426 388 2456 17
406 2428 426 2448 a
451 2428 485 2448 n.
1465 2429 1467 2436 ⁸
