1546 2756
1534 129 1546 147 15

127 175 264 212 XXVI
285 174 314 212 6
340 189 352 210 1
725 172 843 210 TITI
876 171 991 208 LIVI
1527 140 1546 239 ξ,

198 283 333 322 castris
361 290 576 334 praeerant,
601 283 645 319 L.
666 280 829 320 Porcius
851 279 1012 319 Licinus
1039 286 1078 318 et
1104 280 1153 319 T.
1176 278 1367 330 Popillius
1390 264 1546 336 legatif}

197 361 270 399 pro
290 350 395 388 uallo
415 347 554 387 acriter
573 353 824 398 propugnant
850 346 1167 396 elephantosque
1189 335 1546 396 transgredienteszj

163 433 178 455 2
199 412 240 452 in
261 413 346 464 ipso
366 415 472 452 uallo
492 411 721 452 conficiunt.
779 412 962 461 Quorum
984 410 1216 460 corporibus
1246 424 1338 450 cum
1362 398 1546 462 oppleta?

200 480 303 517 fossa
322 486 434 526 esset,
453 479 561 516 uelut
581 490 720 527 aggere
735 484 802 515 aut
817 484 938 527 ponte
951 475 1099 515 iniecto
1115 475 1322 515 transitum
1342 466 1546 519 hostibus&

200 543 335 592 dedit;
364 542 418 581 ibi
438 556 507 593 per
527 550 696 592 stragem
720 541 934 580 iacentium
955 542 1259 591 elephantorum
1281 548 1393 580 atrox
1415 540 1544 595 edita&

163 620 181 651 3
200 610 353 648 caedes.
411 609 546 646 Altera
565 607 605 645 in
626 613 735 657 parte
756 614 973 645 castrorum
993 607 1072 644 iam
1093 605 1253 656 impulsi
1273 613 1384 646 erant
1403 607 1541 647 Cam-

200 673 293 725 pani
314 672 588 723 Punicumque
609 671 847 723 praesidium
869 679 908 711 et
924 671 998 710 sub
1011 671 1097 722 ipsa
1112 679 1226 722 porta
1238 672 1401 723 Capuae
1419 685 1541 723 quae

161 755 182 786 4
200 741 439 778 Volturnum
461 739 533 777 fert
553 738 802 788 pugnabatur
815 751 827 785 3
855 750 986 787 neque
1006 743 1087 775 tam
1106 737 1246 776 armati
1266 735 1541 788 inrumpenti-tj

200 804 275 844 bus
290 803 481 843 Romanis
494 803 727 842 resistebant
739 815 858 852 quam
868 810 981 853 porta
993 801 1158 842 ballistis
1168 795 1539 853 scorpionibusque}

164 884 181 916 5
201 869 390 908 instructa
421 868 636 907 missilibus
664 868 802 918 procul
832 869 967 907 hostes
995 868 1166 907 arcebat.
1227 869 1278 907 Et
1307 867 1538 924 suppressitj

201 935 394 986 impetum
424 936 697 973 Romanorum
725 934 868 972 uolnus
895 932 1142 984 imperatoris
1170 935 1246 984 Ap.
1276 932 1432 981 Claudi,
1460 929 1538 983 euijnj

202 1014 293 1040 suos
313 1007 404 1039 ante
425 999 551 1050 prima
570 998 680 1049 signa
699 998 926 1038 adhortanti
947 998 1021 1038 sub
1038 1000 1152 1038 laeuo
1169 1011 1308 1038 umero
1323 1010 1537 1043 summum-j

202 1073 339 1117 pectus
367 1078 486 1116 gaeso
516 1066 638 1103 ictum
667 1072 738 1103 est.
798 1066 947 1114 Magna
975 1063 1036 1103 uis
1066 1071 1199 1103 tamen
1229 1065 1404 1103 hostiurn
1431 1071 1534 1106 antei

164 1140 182 1172 6
202 1138 354 1181 portam
386 1137 445 1169 est
483 1143 607 1177 caesa,
644 1129 762 1169 ceteri
794 1129 936 1180 trepidi
966 1129 1007 1167 in
1035 1129 1176 1168 urbem
1205 1128 1414 1180 compulsi.
1473 1130 1534 1171 Et

203 1196 408 1236 Hannibal
442 1203 653 1246 postquam
692 1195 865 1234 cohortis
906 1194 1178 1246 Hispanorum
1216 1202 1386 1246 stragem
1422 1193 1527 1238 uidit

202 1275 436 1312 summaque
455 1262 495 1300 ui
515 1268 641 1300 castra
661 1259 835 1299 hostium
863 1260 1036 1308 defendi,
1059 1259 1206 1299 omissa
1225 1259 1524 1311 oppugnatione

202 1327 374 1378 recipere
389 1326 500 1377 signa
518 1333 557 1365 et
577 1333 807 1365 conuertere
823 1339 966 1376 agmen
981 1326 1160 1376 peditum
1178 1325 1338 1365 obiecto
1349 1325 1402 1365 ab
1415 1333 1533 1376 tergm

165 1406 182 1442 7
202 1394 379 1443 equitatu
399 1405 449 1430 ne
475 1390 597 1430 hostis
624 1391 785 1430 instaret
805 1390 947 1440 coepit.
1006 1391 1230 1442 Legionum
1250 1391 1366 1430 ardor
1384 1389 1527 1442 ingens*

202 1458 253 1496 ad
274 1459 429 1496 hostem
450 1457 742 1507 insequendum
768 1455 863 1494 fuit:
895 1457 1061 1495 Flaccus
1088 1457 1264 1507 receptui
1290 1455 1380 1495 cani
1399 1455 1530 1504 iussit,v

202 1523 294 1561 satis
306 1523 359 1561 ad
373 1529 584 1572 utrumque
600 1523 819 1572 profectum
833 1528 938 1560 ratus
954 1529 997 1560 ut
1013 1529 1051 1561 et
1067 1522 1264 1572 Campani
1280 1534 1401 1572 quam
1415 1516 1531 1570 baudi

203 1588 372 1625 multum
405 1586 446 1625 in
479 1586 709 1625 Hannibale
748 1586 932 1637 praesidii
971 1594 1085 1635 esset,
1116 1594 1156 1626 et
1193 1586 1279 1638 ipse
1317 1586 1527 1637 Hannibf‘

165 1660 184 1691 8
203 1651 374 1691 sentiret.
487 1652 614 1693 Caesa
641 1665 689 1691 eo
713 1651 789 1700 die,
813 1652 881 1702 qui
901 1651 1018 1691 huius
1038 1666 1196 1703 pugnae
1215 1658 1398 1692 auctores
1418 1644 1527 1703 sunt}

249 1760 264 1781 1
291 1749 428 1781 Licinus
445 1750 527 1791 (luc-
544 1749 591 1792 B>
608 1762 645 1790 π,
660 1754 735 1780 recte
750 1750 801 1781 hic
814 1750 892 1781 etin
910 1761 961 1789 27.
974 1752 1007 1781 6.
1029 1761 1069 1790 19
1083 1750 1144 1782 sed
1150 1756 1324 1793 perperam
1341 1751 1408 1782 -ius
1424 1750 1458 1782 in
1471 1759 1493 1781 2
1514 1752 1520 1760 ⁴

202 1795 254 1834 46.
273 1803 293 1833 5
308 1804 316 1824 ε
341 1793 475 1824 licinius
490 1794 545 1824 Αθ
644 1800 861 1833 propugnant
874 1807 902 1826 π
916 1794 1018 1825 Gron.
1035 1805 1042 1825 :
1066 1799 1221 1834 pugnant
1235 1794 1291 1826 A2⁶
1305 1793 1440 1826 Aldus:
1463 1803 1486 1834 p
1500 1831 1512 1836 v,

202 1837 350 1877 gnabant
363 1837 436 1869 Ao:
462 1838 716 1876 propugnabant
732 1837 818 1870 Edd.
836 1841 910 1869 ante
927 1838 1006 1869 Ald.
1118 1848 1139 1868 2
1162 1849 1224 1879 per
1241 1838 1299 1878 Πθ,
1319 1837 1416 1879 quod,
1436 1840 1475 1868 ut
1495 1830 1522 1846 ⁴

201 1892 234 1921 9.
252 1891 300 1920 13.
318 1891 328 1911 1
339 1891 365 1921 1⁷
385 1881 553 1921 Madvzjgio
572 1883 580 1898 ‘
592 1881 676 1912 nihil
689 1882 771 1912 esse‘
793 1881 967 1912 uidebatur
980 1881 1038 1912 sed
1050 1881 1180 1923 defendi
1191 1885 1300 1923 potest
1314 1885 1352 1913 ut
1371 1880 1510 1912 breuitwv
1524 1900 1525 1903 =

202 1924 348 1956 Liuiana
365 1925 514 1964 pluribus
528 1925 560 1954 in
572 1925 653 1955 locis
665 1926 700 1955 in
713 1924 903 1965 Stgmficans
917 1926 963 1963 (A
969 1926 1036 1967 ngl.
1050 1928 1058 1943 ⁴
1070 1926 1116 1957 all
1129 1936 1212 1957 over
1222 1926 1258 1967 ’),
1270 1925 1308 1966 tf
1320 1936 1381 1967 ag.
1397 1935 1424 1958 1.
1437 1935 1469 1965 9·
1480 1934 1503 1965 9

202 1979 233 2008 9.
256 1978 305 2007 13.
327 1978 362 1998 11
382 1979 389 2003 ς
414 1968 523 1999 Plaut.
544 1967 621 2000 Cist.
641 1979 724 2008 7743
751 1968 813 2000 Cic.
832 1969 880 1999 ad
893 1969 987 2001 Fam.
1003 1981 1030 2001 1.
1052 1981 1081 2009 7.
1096 1971 1139 2010 63
1162 1969 1253 2003 Plin.
1268 1979 1318 2009 19.
1333 1979 1400 2009 94:
1422 1975 1521 2010 sup-‹1-

207 2011 338 2052 Ussing‚
356 2012 416 2042 uix
425 2023 536 2042 necess.
649 2023 669 2051 4
692 2018 759 2043 tarn
772 2011 823 2042 A⁷
836 2016 874 2043 ut
884 2013 949 2044 uid.
964 2013 1030 2044 ald.
1045 2024 1053 2044 z
1078 2014 1144 2044 iarn
1163 2013 1222 2052 Πθ,
1236 2013 1274 2054 tf
1292 2023 1353 2054 ag.
1367 2022 1420 2053 27.
1435 2022 1466 2044 2.
1481 2012 1521 2053 8³3

204 2057 255 2086 28.
270 2056 301 2086 6.
319 2065 354 2084 11
371 2065 379 2092 ;
403 2065 455 2094 30.
471 2058 522 2094 36.
538 2065 576 2085 10
588 2055 630 2086 al.
744 2056 949 2087 resistebant
967 2055 1274 2089 CR¹MBDAOalaL
1292 2067 1300 2087 t
1323 2056 1477 2087 resista·

202 2098 286 2129 PR:
308 2099 479 2129 restabant
497 2098 596 2129 Gron.
778 2105 875 2139 porta
893 2099 994 2132 Gron.
1009 2112 1017 2132 t
1042 2111 1106 2140 quo
1124 2105 1223 2140 porta
1238 2099 1359 2133 πΑἿθε
1382 2109 1450 2140 quo
1464 2097 1519 2142 A&

202 2142 291 2181 quod
314 2147 411 2181 porta
427 2143 480 2172 A³⁶
496 2141 582 2173 Edd.
607 2145 669 2172 uet.
684 2154 692 2173 t
717 2153 814 2183 quarn
840 2148 936 2183 porta
954 2145 1017 2183 (tle.
1035 2155 1112 2175 cum
1128 2149 1233 2184 praec.
1251 2153 1454 2184 quamquam
1471 2152 1499 2183 15v

202 2239 301 2259 caeso
318 2228 385 2259 ictu
402 2229 511 2269 ἰι-((3.7)
527 2240 535 2260 :
559 2240 661 2267 gesso
677 2230 779 2261 ictum
795 2230 880 2263 Edd.
898 2235 973 2261 ante
987 2230 1068 2265 Ald.
1083 2243 1092 2262 :
1116 2236 1196 2272 cesti
1213 2231 1281 2262 ictu
1298 2230 1339 2263 C¹

202 2185 255 2216 M2
390 2195 409 2225 5
433 2196 536 2224 gaeso
554 2188 651 2225 (geso
668 2185 716 2227 K)
736 2187 837 2217 ictum
855 2189 872 2217 θ
887 2187 1000 2218 Aldus
1014 2199 1022 2218 ι
1046 2197 1145 2219 caeso
1161 2189 1262 2219 ictum
1278 2185 1369 2218 MA⁷
1384 2186 1439 2219 uel
1450 2137 1518 2226 Αᾶἒ

201 2273 224 2321 6.
247 2272 476 2311 Hispanorum
494 2272 673 2303 R2MBD:
692 2284 877 2323 ‘spanorum
894 2273 982 2306 PR:
1006 2275 1202 2315 ispanorum
1221 2274 1249 2306 C
1347 2283 1456 2314 oppu
1484 2291 1518 2328 ἢ

202 2320 295 2346 none
312 2315 534 2347 CM²BDAO:
561 2322 767 2356 oppugtione
783 2317 894 2356 PRM,
916 2318 954 2358 cf
974 2329 1029 2358 27.
1044 2328 1072 2349 1.
1089 2329 1124 2349 11
1138 2319 1218 2349 adn.
1341 2327 1360 2356 7
1385 2317 1482 2348 Flacc

200 2371 229 2392 π
248 2359 362 2400 (-chus
374 2359 420 2397 B)
441 2359 538 2391 Gron.
555 2371 561 2391 :
586 2361 646 2391 sed
663 2361 784 2391 flaccus
800 2360 921 2393 Aeald.
1033 2372 1134 2402 quam
1153 2361 1179 2394 Π
1197 2373 1205 2393 z
1228 2360 1385 2404 quoniam
1403 2333 1517 2422 (qffijff

267 2404 288 2433 8
311 2404 365 2442 qui
393 2403 462 2435 Πθ;
488 2404 624 2443 quidam
651 2404 706 2443 qui
729 2404 840 2435 Luchs
866 2406 959 2445 1889,
985 2416 1052 2436 non
1079 2406 1166 2436 male
1190 2405 1290 2446 (idem
1313 2403 1367 2436 uel
1385 2404 1442 2436 alii
1472 2408 1506 2431 ιῑ

203 2445 255 2476 uel
267 2446 421 2486 plerique
444 2447 498 2486 qui
521 2448 635 2477 minus
654 2447 756 2487 bene).
803 2448 874 2488 Ipse
895 2450 997 2480 nescio
1019 2460 1065 2480 an
1088 2449 1237 2481 exciderit
1248 2449 1334 2489 fort.
1358 2448 1444 2479 linea
1482 2483 1485 2485 J

204 2491 219 2526 ξ
234 2490 288 2528 16)
304 2490 411 2529 qualis
426 2491 559 2530 quidam
577 2501 621 2521 ex
637 2501 776 2522 numero
793 2502 909 2522 eorum
925 2503 933 2523 ε
956 2492 1143 2524 Luchsium
1155 2491 1249 2534 sequi
1261 2491 1358 2524 malit
1365 2490 1436 2532 Joh
1467 2506 1474 2516 s
1496 2485 1514 2522 f*

202 2533 273 2564 nisi
272 2533 357 2573 fort.
375 2533 532 2565 codicibus
546 2534 838 2577 obtemperandum
854 2539 902 2567 est
