1546 2756
137 167 276 206 XXVI
290 164 346 215 '19
370 182 407 204 12
729 166 851 204 TITI
883 165 1000 203 LIVI

207 275 411 316 —etenim
426 276 641 327 legationes
654 276 706 315 ad
720 277 866 314 famam
879 275 963 314 eius
977 287 1025 313 ex
1035 273 1148 314 omni
1162 287 1204 314 se
1216 273 1425 326 prouincia
1436 288 1458 315 e
1469 269 1503 319 ’ᾗ

152 357 189 390 13
208 342 554 381 derant—habuit.
596 342 731 380 Naues
746 340 803 380 ibi
818 339 990 379 subduci
1004 339 1128 387 iussit,
1151 340 1325 380 remissis
1343 347 1499 392 quattu

209 407 432 447 triremibus
463 405 773 446 Massiliensium
798 419 902 457 quae
927 404 1047 444 officii
1073 418 1194 444 causa
1218 405 1270 445 ab
1296 405 1421 445 domo
1445 418 1472 457 p
1493 451 1495 454 Ι

151 488 190 520 14
209 479 368 511 secutae
406 473 569 511 fuerant.
629 473 839 521 Responsa
883 470 978 510 inde
1021 469 1286 521 legationibus
1329 483 1500 522 suspen

210 537 398 576 uarietate
418 544 476 576 tot
496 550 659 575 casuum
680 537 774 575 dare
794 537 937 586 coepit,
958 536 1013 574 ita
1035 537 1141 575 elato
1162 535 1217 575 ab
1238 534 1392 587 ingenti
1413 535 1491 576 uir·

209 610 294 642 tum
311 615 467 641 suarum
484 601 631 641 fiducia
644 601 779 640 animo
794 609 838 640 ut
852 603 1006 640 nullum
1022 602 1133 640 ferox
1149 601 1320 641 uerbum
1334 602 1472 642 excide
1495 649 1498 658 Ι
1540 638 1542 640 .

210 667 429 719 ingensque
449 667 636 707 omnibus
656 680 757 718 quae
777 667 926 706 diceret
950 680 1041 705 cum
1067 666 1253 707 maiestas
1275 666 1423 708 inesset
1445 674 1462 707 t
1539 681 1541 684 ⁴

138 743 192 773 20
211 735 324 773 fides.
391 734 594 772 Profectus
632 732 683 771 ab
717 734 942 771 Tarracone
975 739 1014 771 et
1048 731 1230 772 ciuitates
1261 733 1460 772 sociorum

211 798 377 838 hiberna
392 799 583 837 exercitus
602 797 709 845 adiit,
732 797 1057 848 collaudauitque
1077 797 1223 837 milites
1244 799 1355 849 quod
1375 799 1483 839 duab

172 880 187 902 2
209 863 327 903 tantis
353 864 542 914 deinceps
569 862 748 902 cladibus
776 863 843 902 icti
872 862 1120 914 prouinciam
1149 863 1427 913 obtinuissent,
1481 890 1483 899 :

208 930 378 968 fructum
406 930 669 968 secundarum
697 942 827 968 rerum
856 928 1002 969 sentire
1029 929 1165 968 hostes
1197 929 1305 981 passi
1336 929 1448 969 omni
1482 951 1487 963 ε

210 994 407 1034 Hiberum
441 1007 535 1045 agro
568 1007 637 1034 eos
670 994 897 1044 arcuissent,
933 989 1145 1047 sociosque
1177 1008 1271 1035 cum
1303 996 1385 1036 fide
1416 1003 1460 1036 tu
1483 1003 1488 1038 j

171 1075 188 1105 3
209 1067 349 1100 essent.
393 1059 588 1099 Marcium
604 1073 739 1099 secum
755 1061 928 1100 habebat
943 1075 1035 1101 cum
1053 1068 1165 1100 tanto
1178 1061 1344 1110 honore,
1360 1069 1404 1101 ut
1419 1063 1456 1102 fa

208 1132 412 1176 appareret
431 1125 529 1164 nihil
550 1125 680 1165 minus
701 1126 825 1166 uereri
846 1140 965 1177 quam
992 1140 1044 1166 ne
1070 1125 1160 1178 quis
1184 1126 1370 1167 obstaret
1386 1128 1451 1178 glo
1480 1145 1483 1160 ι
1527 1116 1531 1130 ’

168 1207 188 1238 4
208 1204 313 1230 suae.
373 1190 570 1231 Successit
591 1191 685 1230 inde
706 1190 858 1231 Neroni
879 1192 1046 1240 Silanus,
1068 1200 1107 1231 et
1127 1191 1169 1231 in
1194 1191 1363 1232 hiberna
1388 1191 1483 1242 mili,

207 1256 303 1295 noui
337 1257 509 1297 deducti.
569 1257 702 1308 Scipio
730 1257 917 1296 omnibus
947 1271 1051 1309 quae
1078 1259 1266 1299 adeunda
1297 1260 1441 1311 agend
1476 1273 1482 1311 ζΙ
1524 1243 1528 1257 Ι

206 1329 316 1362 erant
355 1330 506 1362 mature
550 1322 667 1362 aditis
714 1324 961 1374 peractisque
1007 1324 1276 1364 Tarraconem
1322 1337 1441 1364 conc
1476 1323 1477 1326 ’
1523 1311 1527 1319 ’

168 1397 185 1430 5
207 1387 345 1427 Nihilo
371 1389 500 1427 minor
528 1388 632 1427 fama
657 1389 765 1439 apud
791 1389 924 1428 hostes
950 1387 1150 1440 Scipionis
1175 1397 1258 1429 erat
1283 1402 1406 1442 quam
1422 1403 1474 1431 au.

206 1452 314 1492 ciues
328 1455 551 1505 sociosque,
566 1461 606 1493 et
618 1453 812 1493 diuinatio
828 1456 1025 1505 quaedam
1039 1454 1171 1504 futuri,
1186 1468 1270 1507 quo
1284 1457 1417 1496 minus
1458 1476 1462 1489 2

207 1519 358 1558 timoris
395 1518 509 1559 reddi
552 1526 705 1570 poterat
749 1519 879 1559 oborti
923 1527 1082 1569 temere,
1129 1519 1322 1562 maiorem
1359 1520 1440 1563 inse

168 1594 187 1626 6
207 1592 369 1623 metum.
421 1587 469 1624 In
490 1584 655 1624 hiberna
676 1584 822 1624 diuersi
838 1594 1127 1635 concesserant,
1145 1588 1379 1628 Hasdrubal
1394 1587 1473 1644 (3³.

207 1650 268 1688 nis
297 1663 424 1701 usque
451 1651 503 1689 ad
532 1651 740 1690 Oceanum
769 1657 809 1690 et
837 1652 984 1700 Gades,
1018 1654 1142 1705 Mago
1175 1653 1217 1693 in
1244 1653 1394 1695 medite
1515 1649 1518 1663 ³

207 1715 380 1755 maxime
406 1729 522 1767 supra
539 1717 881 1757 ‘Castulonensem
908 1719 1053 1758 saltum
1067 1733 1081 1769 ς
1118 1720 1350 1761 Hasdrubal
1377 1722 1441 1768 ΗἈ
1457 1731 1472 1771 ι’,
1514 1709 1517 1712 ’

206 1782 305 1820 caris
326 1780 428 1820 filius
448 1781 647 1832 proximus
669 1782 826 1823 Hibero
846 1783 951 1823 circa
971 1786 1192 1836 Saguntum
1211 1785 1476 1828 hibernauit.²³

169 1854 186 1889 7
259 1846 433 1886 Aestatis
459 1847 543 1887 eius
569 1855 744 1888 extremo
770 1862 851 1900 qua
876 1858 993 1902 capta
1019 1858 1079 1891 est
1104 1851 1247 1903 Capua
1267 1859 1308 1893 et
1332 1851 1465 1905 Scipi·

253 1954 292 1974 12
315 1944 435 1976 samam
457 1945 574 1978 ¹11³sz
600 1946 666 1977 fam
687 1946 726 1981 P,
751 1947 788 1986 q<
806 1959 855 1987 27.
875 1959 900 1979 1.
918 1959 954 1980 11
970 1949 1048 1982 adn.
1066 1961 1074 1981 :
1098 1951 1221 1982 famam
1241 1951 1411 1983 aduentus
1456 1940 1458 1943 v
1507 1940 1511 1952 ’

204 1986 341 2019 ΑΊθαΙοΙ.
359 1988 454 2019 Drak
617 2000 656 2030 14
682 1991 810 2023 diceret
829 1992 1023 2026 BDAoald.
1042 2005 1049 2025 :
1073 1994 1270 2035 diceretque
1290 2007 1320 2028 π
1342 1994 1417 2037 (sed
1448 2011 1453 2021 ι

206 2031 310 2071 RM)‚
330 2032 370 2073 ‘s-
386 2042 409 2063 c.
427 2042 473 2064 11.
490 2044 528 2064 12
545 2034 621 2066 adn.
641 2034 693 2076 (a)
1453 2059 1455 2064 ι

248 2082 299 2107 20
324 2086 345 2106 2
368 2076 555 2108 arcuissent
571 2077 733 2112 Assoald.:
757 2080 924 2113 arcissent
943 2082 969 2114 Π
990 2082 1068 2122 (art-
1083 2082 1131 2122 Β)
1256 2091 1277 2121 3
1301 2081 1414 2114 uereri
1434 2098 1450 2113 ε,
1503 2111 1506 2126 4

204 2118 336 2151 KLov.
353 2130 379 2151 1.
396 2131 416 2160 3
432 2120 523 2153 ald.:
546 2133 646 2161 quam
670 2124 784 2155 uereri
806 2135 906 2165 quam
918 2125 967 2165 J:
992 2135 1091 2166 quam
1116 2126 1228 2157 uereri
1252 2126 1278 2158 Π
1297 2125 1372 2160 dett.
1386 2131 1411 2169 p
1454 2134 1456 2136 '
1502 2130 1504 2133 '

199 2163 358 2202 probante
372 2163 484 2206 Gron.,
496 2165 556 2196 sed
567 2171 596 2197 et
612 2167 710 2199 aliud
716 2173 857 2208 prorsus
871 2174 921 2200 est
934 2180 986 2208 27.
1002 2171 1052 2201 18.
1069 2180 1082 2200 1
1091 2179 1105 2200 1
1117 2174 1148 2201 et
1160 2169 1200 2201 de
1212 2169 1340 2206 ordinis
1355 2170 1390 2201 in
1405 2168 1449 2209 Ρ
1503 2173 1505 2180 “

205 2206 326 2237 tatione
342 2208 381 2247 cf.
399 2210 452 2240 28.
470 2220 501 2241 2.
516 2220 554 2250 15
571 2210 650 2242 adn.
669 2212 783 2253 (quam
800 2213 908 2252 magis
918 2218 982 2254 pro
997 2213 1106 2254 magis
1121 2213 1236 2256 quam)
1371 2222 1392 2254 5
1423 2229 1450 2256 ·;
1501 2215 1503 2228 ”

204 2254 334 2282 temere
354 2251 453 2284 Gron.
478 2254 602 2295 (oborti
619 2259 746 2286 temere
767 2266 808 2287 eo
825 2255 1028 2298 Salmasius,
1050 2268 1119 2289 non
1133 2257 1221 2289 male
1235 2257 1295 2289 sed
1305 2257 1344 2298 dl
1362 2266 1418 2299 23.
1436 2297 1438 2299 Ι

204 2302 257 2332 35.
284 2305 334 2326 12.
362 2297 441 2334 1o):
477 2305 597 2338 oporte
618 2303 747 2330 temere
769 2299 855 2332 PR:
890 2306 1029 2341 oportet
1050 2312 1165 2334 emere
1184 2300 1447 2342 R1MBD20·3
1499 2295 1502 2309 ⁴

205 2343 333 2369 temere
357 2339 417 2370 CA
415 2341 446 2379 J
456 2352 464 2373 :
488 2346 617 2373 temere
637 2343 715 2375 sz
739 2354 872 2375 omnem
897 2349 1026 2376 temere
1049 2345 1105 2379 K:
1128 2357 1170 2378 eo
1191 2350 1385 2386 opportune
1421 2329 1450 2387 ΪΙ
1497 2342 1501 2384 2¹

204 2381 270 2413 ald.
418 2386 440 2416 6
463 2384 578 2417 Gades
594 2386 663 2426 (uel
675 2387 734 2427 -is)
755 2388 783 2419 C
785 2387 959 2421 xB2DA02
985 2390 1105 2429 gaudis
1120 2401 1170 2422 πε
1193 2390 1314 2430 gangis
1327 2389 1362 2421 Β
1375 2401 1383 2422 :
1411 2406 1429 2425 J
1497 2392 1499 2422 j

192 2425 276 2468 fort.
292 2425 339 2457 B¹
473 2439 491 2468 7
515 2440 580 2470 qua
592 2430 628 2469 J.
647 2430 851 2469 Perizonius,
870 2432 908 2472 cf.
925 2443 941 2463 e
948 2443 984 2474 g,
1001 2444 1056 2465 22.
1071 2443 1122 2474 19.
1136 2443 1171 2466 1:
1197 2444 1263 2475 quo
1281 2431 1398 2468 neatd.
1442 2455 1446 2461 -,
