<?xml version="1.0" encoding="UTF-8"?>
<!DOCTYPE html PUBLIC "-//W3C//DTD XHTML 1.0 Transitional//EN"
    "http://www.w3.org/TR/xhtml1/DTD/xhtml1-transitional.dtd">
<html xmlns="http://www.w3.org/1999/xhtml" xml:lang="en" lang="en">
 <head>
  <title>
</title>
<meta http-equiv="Content-Type" content="text/html;charset=utf-8" />
  <meta name='ocr-system' content='tesseract 3.04.00' />
  <meta name='ocr-capabilities' content='ocr_page ocr_carea ocr_par ocr_line ocrx_word'/>
</head>
<body>
  <div class='ocr_page' id='page_1' title='image "./aburbeconditarec04livyuoft_0036.png"; bbox 0 0 1546 2756; ppageno 0'>
   <div class='ocr_carea' id='block_1_1' title="bbox 1410 353 1546 2385">
    <p class='ocr_par' dir='ltr' id='par_1_1' title="bbox 1410 353 1546 2385">
     <span class='ocr_line' id='line_1_1' title="bbox 1464 353 1546 550; baseline 0 0"><span class='ocrx_word' id='word_1_1' title='bbox 1464 353 1546 550; x_wconf 95' lang='lat' dir='ltr'><strong>   </strong></span> 
     </span>
     <span class='ocr_line' id='line_1_2' title="bbox 1468 550 1546 747; baseline 0 -157"><span class='ocrx_word' id='word_1_2' title='bbox 1468 550 1546 747; x_wconf 95' lang='lat' dir='ltr'><strong>     </strong></span> 
     </span>
     <span class='ocr_line' id='line_1_3' title="bbox 1480 747 1546 787; baseline 0 1969"><span class='ocrx_word' id='word_1_3' title='bbox 1480 747 1546 787; x_wconf 95' lang='lat' dir='ltr'><strong> </strong></span> 
     </span>
     <span class='ocr_line' id='line_1_4' title="bbox 1466 787 1546 986; baseline 0 -43"><span class='ocrx_word' id='word_1_4' title='bbox 1466 787 1546 986; x_wconf 95' lang='lat' dir='ltr'><strong>    </strong></span> 
     </span>
     <span class='ocr_line' id='line_1_5' title="bbox 1459 986 1546 1165; baseline 0 0"><span class='ocrx_word' id='word_1_5' title='bbox 1459 986 1546 1165; x_wconf 95' lang='lat' dir='ltr'><strong>   </strong></span> 
     </span>
     <span class='ocr_line' id='line_1_6' title="bbox 1441 1165 1546 1406; baseline 0 -85"><span class='ocrx_word' id='word_1_6' title='bbox 1441 1165 1546 1406; x_wconf 95' lang='lat' dir='ltr'><strong>      </strong></span> 
     </span>
     <span class='ocr_line' id='line_1_7' title="bbox 1447 1406 1546 1562; baseline 0 -85"><span class='ocrx_word' id='word_1_7' title='bbox 1447 1406 1546 1562; x_wconf 95' lang='lat' dir='ltr'><strong>     </strong></span> 
     </span>
     <span class='ocr_line' id='line_1_8' title="bbox 1442 1562 1546 1769; baseline 0 -85"><span class='ocrx_word' id='word_1_8' title='bbox 1442 1562 1546 1769; x_wconf 95' lang='lat' dir='ltr'><strong>     </strong></span> 
     </span>
     <span class='ocr_line' id='line_1_9' title="bbox 1436 1769 1546 1920; baseline 0 -45"><span class='ocrx_word' id='word_1_9' title='bbox 1436 1769 1546 1920; x_wconf 95' lang='lat' dir='ltr'><strong>    </strong></span> 
     </span>
     <span class='ocr_line' id='line_1_10' title="bbox 1410 1920 1546 2114; baseline 0 0"><span class='ocrx_word' id='word_1_10' title='bbox 1410 1920 1546 2114; x_wconf 95' lang='lat' dir='ltr'><strong>    </strong></span> 
     </span>
     <span class='ocr_line' id='line_1_11' title="bbox 1410 2114 1546 2385; baseline 0 -92"><span class='ocrx_word' id='word_1_11' title='bbox 1410 2114 1546 2385; x_wconf 95' lang='lat' dir='ltr'><strong>   </strong></span> 
     </span>
    </p>
   </div>
   <div class='ocr_carea' id='block_1_2' title="bbox 703 141 1028 182">
    <p class='ocr_par' dir='ltr' id='par_1_2' title="bbox 703 141 1028 182">
     <span class='ocr_line' id='line_1_12' title="bbox 703 141 1028 182; baseline -0.006 0"><span class='ocrx_word' id='word_1_12' title='bbox 703 141 1028 182; x_wconf 89' lang='lat' dir='ltr'><strong>PRAEFATIO</strong></span> 
     </span>
    </p>
   </div>
   <div class='ocr_carea' id='block_1_3' title="bbox 203 250 1545 1091">
    <p class='ocr_par' dir='ltr' id='par_1_3' title="bbox 206 250 1507 373">
     <span class='ocr_line' id='line_1_13' title="bbox 207 250 1503 304; baseline -0.002 -9"><span class='ocrx_word' id='word_1_13' title='bbox 207 254 355 295; x_wconf 89' lang='lat' dir='ltr'><strong>codicis</strong></span> <span class='ocrx_word' id='word_1_14' title='bbox 381 256 411 298; x_wconf 99' lang='grc' dir='ltr'>Σ</span> <span class='ocrx_word' id='word_1_15' title='bbox 436 253 626 294; x_wconf 90' lang='lat' dir='ltr'><strong>lectiones</strong></span> <span class='ocrx_word' id='word_1_16' title='bbox 644 260 713 292; x_wconf 89' lang='lat' dir='ltr'><strong>aut</strong></span> <span class='ocrx_word' id='word_1_17' title='bbox 732 251 901 303; x_wconf 89' lang='lat' dir='ltr'><strong>integras</strong></span> <span class='ocrx_word' id='word_1_18' title='bbox 921 257 989 290; x_wconf 91' lang='lat' dir='ltr'><strong>aut</strong></span> <span class='ocrx_word' id='word_1_19' title='bbox 1010 250 1303 302; x_wconf 89' lang='lat' dir='ltr'><strong>aliquantulum</strong></span> <span class='ocrx_word' id='word_1_20' title='bbox 1321 265 1503 304; x_wconf 84' lang='lat' dir='ltr'><strong>corrup</strong></span> 
     </span>
     <span class='ocr_line' id='line_1_14' title="bbox 206 316 1507 373; baseline -0.006 -13"><span class='ocrx_word' id='word_1_21' title='bbox 206 335 298 360; x_wconf 91' lang='lat' dir='ltr'><strong>cum</strong></span> <span class='ocrx_word' id='word_1_22' title='bbox 319 322 374 372; x_wconf 81' lang='lat' dir='ltr'><strong>Sp</strong></span> <span class='ocrx_word' id='word_1_23' title='bbox 392 328 431 359; x_wconf 92' lang='lat' dir='ltr'><strong>et</strong></span> <span class='ocrx_word' id='word_1_24' title='bbox 450 320 515 359; x_wconf 65' lang='lat' dir='ltr'><strong>N*</strong></span> <span class='ocrx_word' id='word_1_25' title='bbox 534 319 627 358; x_wconf 90' lang='lat' dir='ltr'><strong>satis</strong></span> <span class='ocrx_word' id='word_1_26' title='bbox 646 325 873 358; x_wconf 83' lang='lat' dir='ltr'>constanter</span> <span class='ocrx_word' id='word_1_27' title='bbox 891 316 1066 368; x_wconf 83' lang='lat' dir='ltr'><strong>praebet.</strong></span> <span class='ocrx_word' id='word_1_28' title='bbox 1505 371 1507 373; x_wconf 17' lang='grc' dir='ltr'><strong><em>ι</em></strong></span> 
     </span>
    </p>

    <p class='ocr_par' dir='ltr' id='par_1_4' title="bbox 203 381 1545 1091">
     <span class='ocr_line' id='line_1_15' title="bbox 258 381 1493 437; baseline -0.004 -12"><span class='ocrx_word' id='word_1_29' title='bbox 258 387 314 437; x_wconf 82' lang='lat'><strong>§9</strong></span> <span class='ocrx_word' id='word_1_30' title='bbox 320 397 354 437; x_wconf 85' lang='lat'><strong>5.</strong></span> <span class='ocrx_word' id='word_1_31' title='bbox 383 388 449 425; x_wconf 81' lang='lat' dir='ltr'><strong>De</strong></span> <span class='ocrx_word' id='word_1_32' title='bbox 481 386 612 425; x_wconf 81' lang='lat' dir='ltr'><em>Codice</em></span> <span class='ocrx_word' id='word_1_33' title='bbox 646 383 882 423; x_wconf 79' lang='lat' dir='ltr'><strong>Taurinensz&#39;</strong></span> <span class='ocrx_word' id='word_1_34' title='bbox 910 381 1020 434; x_wconf 78' lang='lat' dir='ltr'><strong>(Ta).</strong></span> <span class='ocrx_word' id='word_1_35' title='bbox 1073 382 1304 422; x_wconf 89' lang='lat' dir='ltr'><strong>Postremus</strong></span> <span class='ocrx_word' id='word_1_36' title='bbox 1333 383 1376 423; x_wconf 93' lang='lat' dir='ltr'><strong>in</strong></span> <span class='ocrx_word' id='word_1_37' title='bbox 1404 382 1454 423; x_wconf 90' lang='lat' dir='ltr'><strong>sti</strong></span> <span class='ocrx_word' id='word_1_38' title='bbox 1483 402 1493 420; x_wconf 65' lang='lat' dir='ltr'>a</span> 
     </span>
     <span class='ocr_line' id='line_1_16' title="bbox 205 447 1502 498; baseline -0.002 -8"><span class='ocrx_word' id='word_1_39' title='bbox 205 451 354 490; x_wconf 86' lang='lat' dir='ltr'><strong>codicis</strong></span> <span class='ocrx_word' id='word_1_40' title='bbox 374 452 404 494; x_wconf 90' lang='grc' dir='ltr'>Σ</span> <span class='ocrx_word' id='word_1_41' title='bbox 424 450 691 490; x_wconf 86' lang='lat' dir='ltr'><strong>nominandus</strong></span> <span class='ocrx_word' id='word_1_42' title='bbox 711 456 770 488; x_wconf 91' lang='lat' dir='ltr'><strong>est</strong></span> <span class='ocrx_word' id='word_1_43' title='bbox 797 449 924 487; x_wconf 86' lang='lat' dir='ltr'>codex</span> <span class='ocrx_word' id='word_1_44' title='bbox 946 447 1225 498; x_wconf 82' lang='lat' dir='ltr'><strong>palimpsestus</strong></span> <span class='ocrx_word' id='word_1_45' title='bbox 1253 447 1502 489; x_wconf 88' lang='lat' dir='ltr'><strong>Taurinensi</strong></span> 
     </span>
     <span class='ocr_line' id='line_1_17' title="bbox 206 512 1499 564; baseline -0.002 -8"><span class='ocrx_word' id='word_1_46' title='bbox 206 518 363 556; x_wconf 88' lang='lat' dir='ltr'><strong>saeculo</strong></span> <span class='ocrx_word' id='word_1_47' title='bbox 379 529 405 556; x_wconf 93' lang='lat' dir='ltr'><strong>v</strong></span> <span class='ocrx_word' id='word_1_48' title='bbox 417 523 594 556; x_wconf 85' lang='lat' dir='ltr'><strong>exaratus</strong></span> <span class='ocrx_word' id='word_1_49' title='bbox 614 522 653 555; x_wconf 90' lang='lat' dir='ltr'><strong>et</strong></span> <span class='ocrx_word' id='word_1_50' title='bbox 667 528 692 554; x_wconf 92' lang='lat' dir='ltr'><strong>a</strong></span> <span class='ocrx_word' id='word_1_51' title='bbox 706 513 863 554; x_wconf 90' lang='lat' dir='ltr'><strong>librario</strong></span> <span class='ocrx_word' id='word_1_52' title='bbox 878 512 1046 564; x_wconf 88' lang='lat' dir='ltr'><strong>aequali,</strong></span> <span class='ocrx_word' id='word_1_53' title='bbox 1060 521 1104 552; x_wconf 90' lang='lat' dir='ltr'><strong>ut</strong></span> <span class='ocrx_word' id='word_1_54' title='bbox 1119 514 1289 562; x_wconf 87' lang='lat' dir='ltr'><strong>uidetur,</strong></span> <span class='ocrx_word' id='word_1_55' title='bbox 1310 521 1463 554; x_wconf 90' lang='lat' dir='ltr'><strong>correct</strong></span> <span class='ocrx_word' id='word_1_56' title='bbox 1496 544 1499 549; x_wconf 58' lang='grc'><strong><em>»</em></strong></span> 
     </span>
     <span class='ocr_line' id='line_1_18' title="bbox 207 577 1505 634; baseline -0.002 -14"><span class='ocrx_word' id='word_1_57' title='bbox 207 581 339 620; x_wconf 90' lang='lat' dir='ltr'><strong>Huius</strong></span> <span class='ocrx_word' id='word_1_58' title='bbox 359 582 586 632; x_wconf 86' lang='lat' dir='ltr'><strong>fragmenta,</strong></span> <span class='ocrx_word' id='word_1_59' title='bbox 602 593 704 631; x_wconf 90' lang='lat' dir='ltr'><strong>quae</strong></span> <span class='ocrx_word' id='word_1_60' title='bbox 723 579 765 618; x_wconf 89' lang='lat' dir='ltr'><strong>in</strong></span> <span class='ocrx_word' id='word_1_61' title='bbox 785 578 1028 618; x_wconf 84' lang='lat' dir='ltr'>bibliotheca</span> <span class='ocrx_word' id='word_1_62' title='bbox 1047 577 1246 618; x_wconf 86' lang='lat' dir='ltr'><strong>Athenaei</strong></span> <span class='ocrx_word' id='word_1_63' title='bbox 1265 578 1468 619; x_wconf 87' lang='lat' dir='ltr'><strong>Taurinen</strong></span> <span class='ocrx_word' id='word_1_64' title='bbox 1501 626 1505 634; x_wconf 20' lang='grc' dir='ltr'>ἢ</span> 
     </span>
     <span class='ocr_line' id='line_1_19' title="bbox 204 642 1502 697; baseline -0.002 -11"><span class='ocrx_word' id='word_1_65' title='bbox 204 647 298 686; x_wconf 86' lang='lat' dir='ltr'><strong>o&#39;lim</strong></span> <span class='ocrx_word' id='word_1_66' title='bbox 313 647 527 694; x_wconf 87' lang='lat' dir='ltr'><strong>exstabant,</strong></span> <span class='ocrx_word' id='word_1_67' title='bbox 543 645 749 697; x_wconf 87' lang='lat' dir='ltr'><strong>diligenter</strong></span> <span class='ocrx_word' id='word_1_68' title='bbox 762 642 1005 694; x_wconf 84' lang='lat' dir='ltr'><strong>transcripsit</strong></span> <span class='ocrx_word' id='word_1_69' title='bbox 1019 651 1141 694; x_wconf 90' lang='lat' dir='ltr'><strong>atque</strong></span> <span class='ocrx_word' id='word_1_70' title='bbox 1159 643 1286 684; x_wconf 84' lang='lat' dir='ltr'><strong>edidit</strong></span> <span class='ocrx_word' id='word_1_71' title='bbox 1299 645 1475 690; x_wconf 89' lang='lat' dir='ltr'><strong>Gulielm</strong></span> <span class='ocrx_word' id='word_1_72' title='bbox 1500 655 1502 657; x_wconf 76' lang='grc'>’</span> 
     </span>
     <span class='ocr_line' id='line_1_20' title="bbox 205 709 1468 761; baseline -0.001 -10"><span class='ocrx_word' id='word_1_73' title='bbox 205 712 484 752; x_wconf 68' lang='grc' dir='ltr'><strong>Ξωάεῐηυηᾶ.1</strong></span> <span class='ocrx_word' id='word_1_74' title='bbox 523 712 684 761; x_wconf 85' lang='lat' dir='ltr'><strong>Septem</strong></span> <span class='ocrx_word' id='word_1_75' title='bbox 711 710 805 750; x_wconf 87' lang='lat' dir='ltr'><strong>folia</strong></span> <span class='ocrx_word' id='word_1_76' title='bbox 830 710 862 749; x_wconf 93' lang='lat' dir='ltr'><strong>is</strong></span> <span class='ocrx_word' id='word_1_77' title='bbox 887 709 1050 748; x_wconf 90' lang='lat' dir='ltr'><strong>rimatus</strong></span> <span class='ocrx_word' id='word_1_78' title='bbox 1076 715 1148 757; x_wconf 90' lang='lat' dir='ltr'><strong>est,</strong></span> <span class='ocrx_word' id='word_1_79' title='bbox 1169 722 1341 760; x_wconf 89' lang='lat' dir='ltr'><strong>quorum</strong></span> <span class='ocrx_word' id='word_1_80' title='bbox 1369 722 1418 750; x_wconf 88' lang='lat' dir='ltr'><strong>ex</strong></span> <span class='ocrx_word' id='word_1_81' title='bbox 1441 723 1468 750; x_wconf 92' lang='lat' dir='ltr'><strong>u</strong></span> 
     </span>
     <span class='ocr_line' id='line_1_21' title="bbox 204 774 1545 830; baseline -0.002 -13"><span class='ocrx_word' id='word_1_82' title='bbox 204 778 365 828; x_wconf 89' lang='lat' dir='ltr'><strong>quidem</strong></span> <span class='ocrx_word' id='word_1_83' title='bbox 385 777 483 815; x_wconf 92' lang='lat' dir='ltr'><strong>nihil</strong></span> <span class='ocrx_word' id='word_1_84' title='bbox 503 784 653 816; x_wconf 89' lang='lat' dir='ltr'><strong>certum</strong></span> <span class='ocrx_word' id='word_1_85' title='bbox 679 777 762 815; x_wconf 88' lang='lat' dir='ltr'><strong>erui</strong></span> <span class='ocrx_word' id='word_1_86' title='bbox 785 782 949 826; x_wconf 83' lang='lat' dir='ltr'><strong>poterat,</strong></span> <span class='ocrx_word' id='word_1_87' title='bbox 972 775 1043 813; x_wconf 90' lang='lat' dir='ltr'><strong>sed</strong></span> <span class='ocrx_word' id='word_1_88' title='bbox 1067 781 1255 825; x_wconf 90' lang='lat' dir='ltr'><strong>quattuor</strong></span> <span class='ocrx_word' id='word_1_89' title='bbox 1280 775 1335 815; x_wconf 89' lang='lat' dir='ltr'><strong>ad</strong></span> <span class='ocrx_word' id='word_1_90' title='bbox 1358 774 1501 819; x_wconf 82' lang='lat' dir='ltr'><strong>Libru</strong></span> <span class='ocrx_word' id='word_1_91' title='bbox 1542 788 1545 830; x_wconf 60' lang='lat' dir='ltr'>J</span> 
     </span>
     <span class='ocr_line' id='line_1_22' title="bbox 204 839 1543 894; baseline -0.001 -12"><span class='ocrx_word' id='word_1_92' title='bbox 204 844 364 882; x_wconf 89' lang='lat' dir='ltr'>XXVII</span> <span class='ocrx_word' id='word_1_93' title='bbox 382 842 642 894; x_wconf 85' lang='lat' dir='ltr'><strong>pertinebant,</strong></span> <span class='ocrx_word' id='word_1_94' title='bbox 660 842 742 880; x_wconf 92' lang='lat' dir='ltr'><strong>duo</strong></span> <span class='ocrx_word' id='word_1_95' title='bbox 756 842 808 880; x_wconf 90' lang='lat' dir='ltr'><strong>ad</strong></span> <span class='ocrx_word' id='word_1_96' title='bbox 826 841 990 880; x_wconf 89' lang='lat' dir='ltr'><strong>Librum</strong></span> <span class='ocrx_word' id='word_1_97' title='bbox 1006 841 1161 878; x_wconf 92' lang='lat' dir='ltr'>XXIX.</span> <span class='ocrx_word' id='word_1_98' title='bbox 1202 841 1264 879; x_wconf 90' lang='lat' dir='ltr'><strong>Ex</strong></span> <span class='ocrx_word' id='word_1_99' title='bbox 1276 839 1495 891; x_wconf 85' lang='lat' dir='ltr'><strong>fragment&#39;</strong></span> <span class='ocrx_word' id='word_1_100' title='bbox 1541 880 1543 891; x_wconf 72' lang='grc'><strong>,</strong></span> 
     </span>
     <span class='ocr_line' id='line_1_23' title="bbox 203 904 1493 961; baseline 0 -15"><span class='ocrx_word' id='word_1_101' title='bbox 203 907 371 959; x_wconf 90' lang='lat' dir='ltr'><strong>pessime</strong></span> <span class='ocrx_word' id='word_1_102' title='bbox 391 907 535 947; x_wconf 87' lang='lat' dir='ltr'><strong>habitis</strong></span> <span class='ocrx_word' id='word_1_103' title='bbox 554 906 619 946; x_wconf 90' lang='lat' dir='ltr'><strong>hic</strong></span> <span class='ocrx_word' id='word_1_104' title='bbox 639 906 728 954; x_wconf 90' lang='lat' dir='ltr'><strong>illic,</strong></span> <span class='ocrx_word' id='word_1_105' title='bbox 752 905 821 945; x_wconf 93' lang='lat' dir='ltr'><strong>ubi</strong></span> <span class='ocrx_word' id='word_1_106' title='bbox 844 905 927 945; x_wconf 89' lang='lat' dir='ltr'><strong>eius</strong></span> <span class='ocrx_word' id='word_1_107' title='bbox 949 906 1059 956; x_wconf 89' lang='lat' dir='ltr'><strong>quod</strong></span> <span class='ocrx_word' id='word_1_108' title='bbox 1083 904 1125 943; x_wconf 92' lang='lat' dir='ltr'><strong>in</strong></span> <span class='ocrx_word' id='word_1_109' title='bbox 1149 906 1209 944; x_wconf 87' lang='lat' dir='ltr'><strong>Ta</strong></span> <span class='ocrx_word' id='word_1_110' title='bbox 1228 906 1418 957; x_wconf 92' lang='lat' dir='ltr'><strong>scriptum</strong></span> <span class='ocrx_word' id='word_1_111' title='bbox 1442 920 1475 961; x_wconf 43' lang='lat' dir='ltr'><strong>e-</strong></span> <span class='ocrx_word' id='word_1_112' title='bbox 1489 936 1493 958; x_wconf 87' lang='lat'><strong><em>:</em></strong></span> 
     </span>
     <span class='ocr_line' id='line_1_24' title="bbox 203 970 1484 1024; baseline -0.004 -12"><span class='ocrx_word' id='word_1_113' title='bbox 203 986 254 1012; x_wconf 92' lang='lat' dir='ltr'><strong>ne</strong></span> <span class='ocrx_word' id='word_1_114' title='bbox 274 972 481 1024; x_wconf 86' lang='lat' dir='ltr'><strong>uestigium</strong></span> <span class='ocrx_word' id='word_1_115' title='bbox 508 972 671 1024; x_wconf 87' lang='lat' dir='ltr'><strong>quidem</strong></span> <span class='ocrx_word' id='word_1_116' title='bbox 697 970 895 1020; x_wconf 89' lang='lat' dir='ltr'><strong>manebat,</strong></span> <span class='ocrx_word' id='word_1_117' title='bbox 917 970 1133 1021; x_wconf 85' lang='lat' dir='ltr'><strong>scripturae</strong></span> <span class='ocrx_word' id='word_1_118' title='bbox 1152 971 1350 1022; x_wconf 85' lang='lat' dir='ltr'><strong>quaedam</strong></span> <span class='ocrx_word' id='word_1_119' title='bbox 1369 970 1424 1011; x_wconf 86' lang='lat' dir='ltr'><strong>ab</strong></span> <span class='ocrx_word' id='word_1_120' title='bbox 1449 990 1484 1007; x_wconf 61' lang='grc' dir='ltr'><strong><em>α</em></strong></span> 
     </span>
     <span class='ocr_line' id='line_1_25' title="bbox 203 1034 1539 1091; baseline -0.001 -13"><span class='ocrx_word' id='word_1_121' title='bbox 203 1045 350 1078; x_wconf 90' lang='lat' dir='ltr'><strong>rectore</strong></span> <span class='ocrx_word' id='word_1_122' title='bbox 371 1037 483 1091; x_wconf 74' lang='lat' dir='ltr'><strong>(Ta2)</strong></span> <span class='ocrx_word' id='word_1_123' title='bbox 503 1039 702 1089; x_wconf 84' lang='lat' dir='ltr'><strong>profectae</strong></span> <span class='ocrx_word' id='word_1_124' title='bbox 721 1043 904 1088; x_wconf 85' lang='lat' dir='ltr'><strong>poterant</strong></span> <span class='ocrx_word' id='word_1_125' title='bbox 924 1035 1018 1076; x_wconf 91' lang='lat' dir='ltr'><strong>satis</strong></span> <span class='ocrx_word' id='word_1_126' title='bbox 1038 1037 1144 1076; x_wconf 89' lang='lat' dir='ltr'><strong>clare</strong></span> <span class='ocrx_word' id='word_1_127' title='bbox 1161 1035 1362 1088; x_wconf 89' lang='lat' dir='ltr'><strong>distingui.</strong></span> <span class='ocrx_word' id='word_1_128' title='bbox 1536 1034 1539 1043; x_wconf 77' lang='grc'>’</span> 
     </span>
    </p>
   </div>
   <div class='ocr_carea' id='block_1_4' title="bbox 200 1134 1533 1901">
    <p class='ocr_par' dir='ltr' id='par_1_5' title="bbox 200 1134 1533 1901">
     <span class='ocr_line' id='line_1_26' title="bbox 248 1134 1493 1180; baseline 0.001 -13"><span class='ocrx_word' id='word_1_129' title='bbox 248 1135 287 1167; x_wconf 92' lang='lat' dir='ltr'><strong>In</strong></span> <span class='ocrx_word' id='word_1_130' title='bbox 304 1135 413 1176; x_wconf 89' lang='lat' dir='ltr'><strong>primo</strong></span> <span class='ocrx_word' id='word_1_131' title='bbox 430 1135 509 1167; x_wconf 84' lang='lat' dir='ltr'><strong>solio</strong></span> <span class='ocrx_word' id='word_1_132' title='bbox 523 1135 594 1177; x_wconf 86' lang='lat'><strong>(47)</strong></span> <span class='ocrx_word' id='word_1_133' title='bbox 614 1135 697 1166; x_wconf 90' lang='lat' dir='ltr'><strong>nihil</strong></span> <span class='ocrx_word' id='word_1_134' title='bbox 713 1135 899 1175; x_wconf 87' lang='lat' dir='ltr'><strong>apparebat</strong></span> <span class='ocrx_word' id='word_1_135' title='bbox 914 1135 980 1166; x_wconf 89' lang='lat' dir='ltr'><strong>nisi</strong></span> <span class='ocrx_word' id='word_1_136' title='bbox 997 1145 1104 1166; x_wconf 87' lang='lat' dir='ltr'><strong>uoces</strong></span> <span class='ocrx_word' id='word_1_137' title='bbox 1125 1135 1194 1176; x_wconf 83' lang='lat'><strong>(27.</strong></span> <span class='ocrx_word' id='word_1_138' title='bbox 1215 1146 1264 1167; x_wconf 89' lang='lat'><strong>11.</strong></span> <span class='ocrx_word' id='word_1_139' title='bbox 1288 1134 1344 1176; x_wconf 86' lang='lat'><strong>15)</strong></span> <span class='ocrx_word' id='word_1_140' title='bbox 1365 1135 1427 1177; x_wconf 75' lang='lat' dir='ltr'><strong>qui</strong></span> <span class='ocrx_word' id='word_1_141' title='bbox 1442 1146 1493 1180; x_wconf 52' lang='lat'><strong>⁶0,</strong></span> 
     </span>
     <span class='ocr_line' id='line_1_27' title="bbox 203 1186 1488 1229; baseline 0.001 -11"><span class='ocrx_word' id='word_1_142' title='bbox 203 1198 321 1219; x_wconf 83' lang='lat' dir='ltr'><strong>merere</strong></span> <span class='ocrx_word' id='word_1_143' title='bbox 334 1187 479 1219; x_wconf 80' lang='lat' dir='ltr'><strong>deberent</strong></span> <span class='ocrx_word' id='word_1_144' title='bbox 493 1191 527 1218; x_wconf 90' lang='lat' dir='ltr'><strong>et</strong></span> <span class='ocrx_word' id='word_1_145' title='bbox 544 1188 609 1229; x_wconf 84' lang='lat'><strong>(27.</strong></span> <span class='ocrx_word' id='word_1_146' title='bbox 631 1196 680 1218; x_wconf 85' lang='lat'><strong>12.</strong></span> <span class='ocrx_word' id='word_1_147' title='bbox 698 1187 734 1227; x_wconf 88' lang='lat'><strong>5)</strong></span> <span class='ocrx_word' id='word_1_148' title='bbox 750 1186 964 1218; x_wconf 81' lang='lat' dir='ltr'><strong>Bruttiorum</strong></span> <span class='ocrx_word' id='word_1_149' title='bbox 981 1197 1002 1218; x_wconf 89' lang='lat' dir='ltr'><strong>a</strong></span> <span class='ocrx_word' id='word_1_150' title='bbox 1023 1186 1085 1218; x_wconf 85' lang='lat' dir='ltr'><strong>Ta²</strong></span> <span class='ocrx_word' id='word_1_151' title='bbox 1100 1187 1240 1220; x_wconf 86' lang='lat' dir='ltr'><strong>additae</strong></span> <span class='ocrx_word' id='word_1_152' title='bbox 1251 1186 1267 1208; x_wconf 77' lang='lat'><strong>³</strong></span> <span class='ocrx_word' id='word_1_153' title='bbox 1286 1187 1355 1229; x_wconf 88' lang='lat' dir='ltr'><strong>(i.e.</strong></span> <span class='ocrx_word' id='word_1_154' title='bbox 1372 1191 1411 1219; x_wconf 89' lang='lat' dir='ltr'><strong>ut</strong></span> <span class='ocrx_word' id='word_1_155' title='bbox 1430 1187 1488 1220; x_wconf 84' lang='lat' dir='ltr'><strong>ui-</strong></span> 
     </span>
     <span class='ocr_line' id='line_1_28' title="bbox 202 1238 1483 1280; baseline 0.002 -10"><span class='ocrx_word' id='word_1_156' title='bbox 202 1243 266 1278; x_wconf 90' lang='lat' dir='ltr'><strong>tur,</strong></span> <span class='ocrx_word' id='word_1_157' title='bbox 281 1239 314 1270; x_wconf 88' lang='lat' dir='ltr'><strong>in</strong></span> <span class='ocrx_word' id='word_1_158' title='bbox 331 1239 378 1271; x_wconf 92' lang='lat' dir='ltr'><strong>Ta</strong></span> <span class='ocrx_word' id='word_1_159' title='bbox 394 1239 565 1280; x_wconf 78' lang='lat' dir='ltr'><strong>omissae).</strong></span> <span class='ocrx_word' id='word_1_160' title='bbox 599 1238 699 1270; x_wconf 90' lang='lat' dir='ltr'><strong>Plura</strong></span> <span class='ocrx_word' id='word_1_161' title='bbox 715 1243 810 1270; x_wconf 89' lang='lat' dir='ltr'><strong>erant</strong></span> <span class='ocrx_word' id='word_1_162' title='bbox 828 1239 861 1269; x_wconf 92' lang='lat' dir='ltr'><strong>in</strong></span> <span class='ocrx_word' id='word_1_163' title='bbox 878 1239 987 1270; x_wconf 87' lang='lat' dir='ltr'><strong>altero</strong></span> <span class='ocrx_word' id='word_1_164' title='bbox 1003 1239 1087 1280; x_wconf 82' lang='lat'>(52).</span> <span class='ocrx_word' id='word_1_165' title='bbox 1121 1238 1208 1270; x_wconf 88' lang='lat' dir='ltr'><strong>Nam</strong></span> <span class='ocrx_word' id='word_1_166' title='bbox 1226 1243 1261 1271; x_wconf 83' lang='lat' dir='ltr'><strong>et</strong></span> <span class='ocrx_word' id='word_1_167' title='bbox 1277 1249 1321 1270; x_wconf 85' lang='lat' dir='ltr'><strong>ex</strong></span> <span class='ocrx_word' id='word_1_168' title='bbox 1337 1249 1390 1280; x_wconf 82' lang='lat'><strong>27.</strong></span> <span class='ocrx_word' id='word_1_169' title='bbox 1412 1249 1463 1272; x_wconf 83' lang='lat'><strong>12.</strong></span> <span class='ocrx_word' id='word_1_170' title='bbox 1481 1244 1483 1247; x_wconf 80' lang='grc'>’</span> 
     </span>
     <span class='ocr_line' id='line_1_29' title="bbox 202 1288 1533 1332; baseline 0.002 -10"><span class='ocrx_word' id='word_1_171' title='bbox 202 1301 304 1323; x_wconf 90' lang='lat' dir='ltr'><strong>uoces</strong></span> <span class='ocrx_word' id='word_1_172' title='bbox 326 1292 461 1322; x_wconf 79' lang='lat' dir='ltr'><strong>instaret</strong></span> <span class='ocrx_word' id='word_1_173' title='bbox 483 1292 590 1322; x_wconf 84' lang='lat' dir='ltr'><strong>Marte</strong></span> <span class='ocrx_word' id='word_1_174' title='bbox 612 1295 647 1322; x_wconf 90' lang='lat' dir='ltr'><strong>et</strong></span> <span class='ocrx_word' id='word_1_175' title='bbox 670 1294 776 1323; x_wconf 85' lang='lat' dir='ltr'><strong>castra</strong></span> <span class='ocrx_word' id='word_1_176' title='bbox 799 1290 863 1330; x_wconf 86' lang='lat' dir='ltr'><strong>legi</strong></span> <span class='ocrx_word' id='word_1_177' title='bbox 889 1296 1048 1330; x_wconf 82' lang='lat' dir='ltr'><strong>poterant</strong></span> <span class='ocrx_word' id='word_1_178' title='bbox 1075 1290 1194 1332; x_wconf 89' lang='lat' dir='ltr'><strong>(atque</strong></span> <span class='ocrx_word' id='word_1_179' title='bbox 1220 1291 1375 1323; x_wconf 81' lang='lat' dir='ltr'><strong>eiusdem</strong></span> <span class='ocrx_word' id='word_1_180' title='bbox 1402 1288 1491 1324; x_wconf 62' lang='lat' dir='ltr'><strong>cao-&#39;⁵</strong></span> <span class='ocrx_word' id='word_1_181' title='bbox 1531 1290 1533 1292; x_wconf 64' lang='grc'>’</span> 
     </span>
     <span class='ocr_line' id='line_1_30' title="bbox 203 1342 1486 1385; baseline 0.001 -11"><span class='ocrx_word' id='word_1_182' title='bbox 203 1343 365 1374; x_wconf 88' lang='lat' dir='ltr'><strong>nonnulla</strong></span> <span class='ocrx_word' id='word_1_183' title='bbox 387 1354 431 1374; x_wconf 88' lang='lat' dir='ltr'><strong>ex</strong></span> <span class='ocrx_word' id='word_1_184' title='bbox 449 1346 486 1382; x_wconf 56' lang='grc' dir='ltr'><strong>ἕξ</strong></span> <span class='ocrx_word' id='word_1_185' title='bbox 509 1353 558 1384; x_wconf 78' lang='lat'><strong>11,</strong></span> <span class='ocrx_word' id='word_1_186' title='bbox 586 1353 635 1383; x_wconf 85' lang='lat'><strong>14,</strong></span> <span class='ocrx_word' id='word_1_187' title='bbox 657 1343 712 1385; x_wconf 87' lang='lat'><strong>15)</strong></span> <span class='ocrx_word' id='word_1_188' title='bbox 737 1347 771 1374; x_wconf 91' lang='lat' dir='ltr'><strong>et</strong></span> <span class='ocrx_word' id='word_1_189' title='bbox 795 1342 860 1373; x_wconf 91' lang='lat' dir='ltr'><strong>iam</strong></span> <span class='ocrx_word' id='word_1_190' title='bbox 884 1343 964 1374; x_wconf 89' lang='lat' dir='ltr'><strong>inde</strong></span> <span class='ocrx_word' id='word_1_191' title='bbox 986 1343 1029 1374; x_wconf 90' lang='lat' dir='ltr'><strong>ab</strong></span> <span class='ocrx_word' id='word_1_192' title='bbox 1055 1345 1071 1382; x_wconf 68' lang='grc' dir='ltr'><strong>ξ</strong></span> <span class='ocrx_word' id='word_1_193' title='bbox 1100 1352 1138 1382; x_wconf 93' lang='lat'><strong>17</strong></span> <span class='ocrx_word' id='word_1_194' title='bbox 1163 1353 1270 1384; x_wconf 84' lang='lat' dir='ltr'><strong>usque</strong></span> <span class='ocrx_word' id='word_1_195' title='bbox 1292 1344 1337 1376; x_wconf 83' lang='lat' dir='ltr'><strong>ad</strong></span> <span class='ocrx_word' id='word_1_196' title='bbox 1360 1352 1391 1375; x_wconf 84' lang='lat' dir='ltr'><strong>c.</strong></span> <span class='ocrx_word' id='word_1_197' title='bbox 1409 1353 1462 1384; x_wconf 86' lang='lat'><strong>13.</strong></span> <span class='ocrx_word' id='word_1_198' title='bbox 1483 1377 1486 1379; x_wconf 71' lang='grc'><em>,</em></span> 
     </span>
     <span class='ocr_line' id='line_1_31' title="bbox 203 1388 1479 1437; baseline 0.002 -11"><span class='ocrx_word' id='word_1_199' title='bbox 203 1394 309 1426; x_wconf 90' lang='lat' dir='ltr'><strong>maior</strong></span> <span class='ocrx_word' id='word_1_200' title='bbox 340 1405 422 1435; x_wconf 87' lang='lat' dir='ltr'><strong>pars</strong></span> <span class='ocrx_word' id='word_1_201' title='bbox 453 1395 639 1435; x_wconf 87' lang='lat' dir='ltr'><strong>scripturae</strong></span> <span class='ocrx_word' id='word_1_202' title='bbox 671 1394 839 1426; x_wconf 86' lang='lat' dir='ltr'><strong>manebat.</strong></span> <span class='ocrx_word' id='word_1_203' title='bbox 898 1394 938 1426; x_wconf 90' lang='lat' dir='ltr'><strong>In</strong></span> <span class='ocrx_word' id='word_1_204' title='bbox 969 1394 1069 1426; x_wconf 86' lang='lat' dir='ltr'><strong>tertio</strong></span> <span class='ocrx_word' id='word_1_205' title='bbox 1100 1395 1183 1427; x_wconf 87' lang='lat' dir='ltr'><strong>folio</strong></span> <span class='ocrx_word' id='word_1_206' title='bbox 1214 1394 1289 1437; x_wconf 84' lang='lat'>(48)</span> <span class='ocrx_word' id='word_1_207' title='bbox 1321 1388 1479 1436; x_wconf 83' lang='lat' dir='ltr'><strong>legeban</strong></span> 
     </span>
     <span class='ocr_line' id='line_1_32' title="bbox 203 1440 1529 1489; baseline -0.001 -11"><span class='ocrx_word' id='word_1_208' title='bbox 203 1450 332 1478; x_wconf 85' lang='lat' dir='ltr'><strong>tantum</strong></span> <span class='ocrx_word' id='word_1_209' title='bbox 351 1457 436 1486; x_wconf 87' lang='lat' dir='ltr'><strong>quae</strong></span> <span class='ocrx_word' id='word_1_210' title='bbox 461 1446 509 1478; x_wconf 87' lang='lat' dir='ltr'><strong>Ta</strong></span> <span class='ocrx_word' id='word_1_211' title='bbox 524 1447 686 1478; x_wconf 87' lang='lat' dir='ltr'><strong>omiserat</strong></span> <span class='ocrx_word' id='word_1_212' title='bbox 701 1446 736 1478; x_wconf 90' lang='lat' dir='ltr'><strong>in</strong></span> <span class='ocrx_word' id='word_1_213' title='bbox 752 1457 804 1486; x_wconf 90' lang='lat'><strong>27.</strong></span> <span class='ocrx_word' id='word_1_214' title='bbox 822 1456 874 1486; x_wconf 86' lang='lat'><strong>33.</strong></span> <span class='ocrx_word' id='word_1_215' title='bbox 894 1457 959 1486; x_wconf 88' lang='lat'><strong>3—4</strong></span> <span class='ocrx_word' id='word_1_216' title='bbox 975 1450 1010 1478; x_wconf 87' lang='lat' dir='ltr'><strong>et</strong></span> <span class='ocrx_word' id='word_1_217' title='bbox 1028 1446 1207 1479; x_wconf 88' lang='lat' dir='ltr'><strong>addiderat</strong></span> <span class='ocrx_word' id='word_1_218' title='bbox 1235 1446 1266 1479; x_wconf 87' lang='lat' dir='ltr'><em>T</em></span> <span class='ocrx_word' id='word_1_219' title='bbox 1261 1446 1321 1488; x_wconf 55' lang='grc' dir='ltr'><strong>ὥς</strong></span> <span class='ocrx_word' id='word_1_220' title='bbox 1352 1446 1388 1480; x_wconf 89' lang='lat' dir='ltr'><strong>in</strong></span> <span class='ocrx_word' id='word_1_221' title='bbox 1402 1458 1459 1489; x_wconf 89' lang='lat' dir='ltr'><strong>qu·</strong></span> <span class='ocrx_word' id='word_1_222' title='bbox 1480 1440 1485 1477; x_wconf 72' lang='grc' dir='ltr'><strong>’Ῐ</strong></span> <span class='ocrx_word' id='word_1_223' title='bbox 1527 1441 1529 1446; x_wconf 71' lang='grc'>’</span> 
     </span>
     <span class='ocr_line' id='line_1_33' title="bbox 203 1494 1484 1541; baseline 0.002 -11"><span class='ocrx_word' id='word_1_224' title='bbox 203 1499 286 1540; x_wconf 88' lang='lat'>(51),</span> <span class='ocrx_word' id='word_1_225' title='bbox 306 1498 369 1530; x_wconf 91' lang='lat' dir='ltr'><strong>loci</strong></span> <span class='ocrx_word' id='word_1_226' title='bbox 386 1509 439 1539; x_wconf 88' lang='lat'><strong>27.</strong></span> <span class='ocrx_word' id='word_1_227' title='bbox 457 1507 509 1538; x_wconf 84' lang='lat'><strong>33.</strong></span> <span class='ocrx_word' id='word_1_228' title='bbox 529 1508 625 1538; x_wconf 87' lang='lat'><strong>5-27.</strong></span> <span class='ocrx_word' id='word_1_229' title='bbox 643 1508 696 1538; x_wconf 86' lang='lat'><strong>34.</strong></span> <span class='ocrx_word' id='word_1_230' title='bbox 710 1508 732 1539; x_wconf 89' lang='grc'>3</span> <span class='ocrx_word' id='word_1_231' title='bbox 747 1499 887 1530; x_wconf 87' lang='lat' dir='ltr'><strong>umbrae</strong></span> <span class='ocrx_word' id='word_1_232' title='bbox 904 1499 1070 1539; x_wconf 90' lang='lat' dir='ltr'><strong>quaedam</strong></span> <span class='ocrx_word' id='word_1_233' title='bbox 1094 1502 1129 1530; x_wconf 92' lang='lat' dir='ltr'><strong>et</strong></span> <span class='ocrx_word' id='word_1_234' title='bbox 1155 1509 1201 1531; x_wconf 86' lang='lat' dir='ltr'><strong>ex</strong></span> <span class='ocrx_word' id='word_1_235' title='bbox 1223 1509 1253 1531; x_wconf 89' lang='lat' dir='ltr'><strong>c.</strong></span> <span class='ocrx_word' id='word_1_236' title='bbox 1272 1508 1327 1540; x_wconf 86' lang='lat'><strong>34.</strong></span> <span class='ocrx_word' id='word_1_237' title='bbox 1343 1500 1409 1540; x_wconf 91' lang='lat'><strong>4-6</strong></span> <span class='ocrx_word' id='word_1_238' title='bbox 1425 1499 1484 1541; x_wconf 72' lang='lat' dir='ltr'><strong>ph</strong></span> 
     </span>
     <span class='ocr_line' id='line_1_34' title="bbox 202 1549 1482 1595; baseline 0 -13"><span class='ocrx_word' id='word_1_239' title='bbox 202 1550 330 1591; x_wconf 84' lang='lat' dir='ltr'><strong>(omisit</strong></span> <span class='ocrx_word' id='word_1_240' title='bbox 354 1550 400 1581; x_wconf 85' lang='lat' dir='ltr'><strong>Ta</strong></span> <span class='ocrx_word' id='word_1_241' title='bbox 417 1560 460 1581; x_wconf 83' lang='lat' dir='ltr'><strong>ex</strong></span> <span class='ocrx_word' id='word_1_242' title='bbox 477 1561 504 1581; x_wconf 92' lang='lat' dir='ltr'><strong>c.</strong></span> <span class='ocrx_word' id='word_1_243' title='bbox 524 1560 575 1590; x_wconf 88' lang='lat'><strong>34.</strong></span> <span class='ocrx_word' id='word_1_244' title='bbox 595 1551 617 1581; x_wconf 93' lang='lat'><strong>6</strong></span> <span class='ocrx_word' id='word_1_245' title='bbox 631 1553 662 1581; x_wconf 81' lang='lat' dir='ltr'><strong>et</strong></span> <span class='ocrx_word' id='word_1_246' title='bbox 682 1549 716 1581; x_wconf 83' lang='lat' dir='ltr'><strong>in</strong></span> <span class='ocrx_word' id='word_1_247' title='bbox 733 1554 888 1582; x_wconf 86' lang='lat' dir='ltr'><strong>senatum</strong></span> <span class='ocrx_word' id='word_1_248' title='bbox 906 1550 1026 1592; x_wconf 81' lang='lat' dir='ltr'><strong>uenire,</strong></span> <span class='ocrx_word' id='word_1_249' title='bbox 1045 1551 1136 1591; x_wconf 90' lang='lat' dir='ltr'><strong>quod</strong></span> <span class='ocrx_word' id='word_1_250' title='bbox 1159 1550 1357 1593; x_wconf 76' lang='lat' dir='ltr'><strong>suppleuit⁸</strong></span> <span class='ocrx_word' id='word_1_251' title='bbox 1377 1551 1408 1584; x_wconf 91' lang='lat' dir='ltr'><em>T</em></span> <span class='ocrx_word' id='word_1_252' title='bbox 1404 1550 1482 1595; x_wconf 72' lang='grc' dir='ltr'>α’),</span> 
     </span>
     <span class='ocr_line' id='line_1_35' title="bbox 201 1601 1478 1646; baseline 0.003 -14"><span class='ocrx_word' id='word_1_253' title='bbox 201 1613 283 1633; x_wconf 89' lang='lat' dir='ltr'><strong>mox</strong></span> <span class='ocrx_word' id='word_1_254' title='bbox 298 1602 332 1632; x_wconf 90' lang='lat' dir='ltr'><strong>in</strong></span> <span class='ocrx_word' id='word_1_255' title='bbox 351 1604 387 1640; x_wconf 63' lang='grc' dir='ltr'><strong>ξς</strong></span> <span class='ocrx_word' id='word_1_256' title='bbox 406 1603 492 1641; x_wconf 91' lang='lat'>8—14</span> <span class='ocrx_word' id='word_1_257' title='bbox 506 1602 682 1634; x_wconf 87' lang='lat' dir='ltr'><strong>nonnulla.</strong></span> <span class='ocrx_word' id='word_1_258' title='bbox 730 1601 892 1641; x_wconf 87' lang='lat' dir='ltr'><strong>Quintum</strong></span> <span class='ocrx_word' id='word_1_259' title='bbox 910 1603 1024 1634; x_wconf 88' lang='lat' dir='ltr'><strong>solium</strong></span> <span class='ocrx_word' id='word_1_260' title='bbox 1049 1603 1122 1644; x_wconf 84' lang='lat'><strong>(49)</strong></span> <span class='ocrx_word' id='word_1_261' title='bbox 1143 1603 1230 1635; x_wconf 90' lang='lat' dir='ltr'><strong>nihil</strong></span> <span class='ocrx_word' id='word_1_262' title='bbox 1251 1603 1438 1646; x_wconf 83' lang='lat' dir='ltr'><strong>praebebat</strong></span> <span class='ocrx_word' id='word_1_263' title='bbox 1463 1619 1478 1632; x_wconf 65' lang='grc' dir='ltr'><strong>ι»</strong></span> 
     </span>
     <span class='ocr_line' id='line_1_36' title="bbox 202 1653 1412 1696; baseline 0.003 -12"><span class='ocrx_word' id='word_1_264' title='bbox 202 1664 255 1694; x_wconf 82' lang='lat'><strong>29.</strong></span> <span class='ocrx_word' id='word_1_265' title='bbox 276 1664 324 1685; x_wconf 90' lang='lat'><strong>12.</strong></span> <span class='ocrx_word' id='word_1_266' title='bbox 345 1655 367 1685; x_wconf 92' lang='lat'><strong>6</strong></span> <span class='ocrx_word' id='word_1_267' title='bbox 392 1653 535 1696; x_wconf 82' lang='lat' dir='ltr'><strong>(ur)bem</strong></span> <span class='ocrx_word' id='word_1_268' title='bbox 554 1678 561 1685; x_wconf 94' lang='lat'><strong><em>.</em></strong></span> <span class='ocrx_word' id='word_1_269' title='bbox 579 1678 587 1686; x_wconf 92' lang='lat'><em>.</em></span> <span class='ocrx_word' id='word_1_270' title='bbox 606 1678 613 1686; x_wconf 94' lang='lat'><em>.</em></span> <span class='ocrx_word' id='word_1_271' title='bbox 629 1664 765 1685; x_wconf 80' lang='lat' dir='ltr'><strong>romano</strong></span> <span class='ocrx_word' id='word_1_272' title='bbox 788 1658 822 1685; x_wconf 90' lang='lat' dir='ltr'><strong>et</strong></span> <span class='ocrx_word' id='word_1_273' title='bbox 845 1654 879 1685; x_wconf 89' lang='lat' dir='ltr'><strong>id</strong></span> <span class='ocrx_word' id='word_1_274' title='bbox 904 1655 993 1694; x_wconf 93' lang='lat' dir='ltr'><strong>quod</strong></span> <span class='ocrx_word' id='word_1_275' title='bbox 1018 1654 1052 1685; x_wconf 89' lang='lat' dir='ltr'><strong>in</strong></span> <span class='ocrx_word' id='word_1_276' title='bbox 1075 1665 1129 1695; x_wconf 77' lang='lat'><strong>29.</strong></span> <span class='ocrx_word' id='word_1_277' title='bbox 1158 1665 1208 1696; x_wconf 88' lang='lat'><strong>13.</strong></span> <span class='ocrx_word' id='word_1_278' title='bbox 1231 1665 1254 1696; x_wconf 85' lang='lat'><strong>3</strong></span> <span class='ocrx_word' id='word_1_279' title='bbox 1279 1655 1412 1688; x_wconf 81' lang='lat' dir='ltr'><strong>addidit</strong></span> 
     </span>
     <span class='ocr_line' id='line_1_37' title="bbox 204 1705 1521 1749; baseline 0.002 -13"><span class='ocrx_word' id='word_1_280' title='bbox 204 1705 244 1736; x_wconf 90' lang='lat' dir='ltr'><strong>In</strong></span> <span class='ocrx_word' id='word_1_281' title='bbox 259 1710 356 1738; x_wconf 86' lang='lat' dir='ltr'><strong>sexto</strong></span> <span class='ocrx_word' id='word_1_282' title='bbox 373 1706 507 1737; x_wconf 90' lang='lat' dir='ltr'><strong>demum</strong></span> <span class='ocrx_word' id='word_1_283' title='bbox 525 1705 604 1736; x_wconf 87' lang='lat' dir='ltr'><strong>folio</strong></span> <span class='ocrx_word' id='word_1_284' title='bbox 624 1705 695 1748; x_wconf 86' lang='lat'>(50)</span> <span class='ocrx_word' id='word_1_285' title='bbox 712 1705 799 1737; x_wconf 88' lang='lat' dir='ltr'><strong>nihil</strong></span> <span class='ocrx_word' id='word_1_286' title='bbox 814 1706 903 1737; x_wconf 89' lang='lat' dir='ltr'><strong>aliud</strong></span> <span class='ocrx_word' id='word_1_287' title='bbox 919 1706 1099 1746; x_wconf 87' lang='lat' dir='ltr'><strong>legebatur</strong></span> <span class='ocrx_word' id='word_1_288' title='bbox 1115 1718 1218 1748; x_wconf 85' lang='lat' dir='ltr'><strong>quam</strong></span> <span class='ocrx_word' id='word_1_289' title='bbox 1233 1708 1326 1748; x_wconf 89' lang='lat' dir='ltr'><strong>quod</strong></span> <span class='ocrx_word' id='word_1_290' title='bbox 1342 1707 1432 1740; x_wconf 87' lang='lat' dir='ltr'><strong>idem</strong></span> <span class='ocrx_word' id='word_1_291' title='bbox 1460 1714 1476 1738; x_wconf 75' lang='grc' dir='ltr'><strong><em>ἰ</em></strong></span> <span class='ocrx_word' id='word_1_292' title='bbox 1520 1744 1521 1749; x_wconf 18' lang='lat'>¹</span> 
     </span>
     <span class='ocr_line' id='line_1_38' title="bbox 200 1756 1521 1801; baseline 0.003 -13"><span class='ocrx_word' id='word_1_293' title='bbox 200 1757 519 1798; x_wconf 71' lang='lat' dir='ltr'><strong>suppleuerat—Le.</strong></span> <span class='ocrx_word' id='word_1_294' title='bbox 539 1768 592 1797; x_wconf 84' lang='lat'><strong>29.</strong></span> <span class='ocrx_word' id='word_1_295' title='bbox 613 1768 663 1789; x_wconf 83' lang='lat'><strong>21.</strong></span> <span class='ocrx_word' id='word_1_296' title='bbox 682 1767 745 1798; x_wconf 90' lang='lat'><strong>5—7</strong></span> <span class='ocrx_word' id='word_1_297' title='bbox 763 1757 871 1788; x_wconf 91' lang='lat' dir='ltr'><strong>xxxiii</strong></span> <span class='ocrx_word' id='word_1_298' title='bbox 888 1762 922 1789; x_wconf 89' lang='lat' dir='ltr'><strong>et</strong></span> <span class='ocrx_word' id='word_1_299' title='bbox 941 1769 1021 1789; x_wconf 90' lang='lat' dir='ltr'><strong>mox</strong></span> <span class='ocrx_word' id='word_1_300' title='bbox 1044 1759 1092 1790; x_wconf 89' lang='lat' dir='ltr'><strong>lix</strong></span> <span class='ocrx_word' id='word_1_301' title='bbox 1115 1759 1247 1792; x_wconf 84' lang='lat' dir='ltr'><strong>litteras</strong></span> <span class='ocrx_word' id='word_1_302' title='bbox 1270 1760 1328 1801; x_wconf 86' lang='lat' dir='ltr'><strong>(ob</strong></span> <span class='ocrx_word' id='word_1_303' title='bbox 1345 1760 1399 1800; x_wconf 78' lang='grc' dir='ltr'><strong>ὀμ.</strong></span> <span class='ocrx_word' id='word_1_304' title='bbox 1415 1756 1477 1792; x_wconf 65' lang='lat' dir='ltr'><strong>eus</strong></span> <span class='ocrx_word' id='word_1_305' title='bbox 1519 1759 1521 1762; x_wconf 67' lang='grc'>’</span> 
     </span>
     <span class='ocr_line' id='line_1_39' title="bbox 201 1809 1467 1853; baseline 0.003 -12"><span class='ocrx_word' id='word_1_306' title='bbox 201 1810 271 1851; x_wconf 89' lang='lat' dir='ltr'><strong>sas)</strong></span> <span class='ocrx_word' id='word_1_307' title='bbox 291 1813 325 1840; x_wconf 91' lang='lat' dir='ltr'><strong>et</strong></span> <span class='ocrx_word' id='word_1_308' title='bbox 339 1819 393 1849; x_wconf 86' lang='lat'><strong>29.</strong></span> <span class='ocrx_word' id='word_1_309' title='bbox 409 1819 462 1850; x_wconf 81' lang='lat'><strong>23.</strong></span> <span class='ocrx_word' id='word_1_310' title='bbox 482 1820 501 1840; x_wconf 89' lang='lat'><em>2</em></span> <span class='ocrx_word' id='word_1_311' title='bbox 518 1820 622 1841; x_wconf 89' lang='lat' dir='ltr'><strong>uoces</strong></span> <span class='ocrx_word' id='word_1_312' title='bbox 636 1809 868 1852; x_wconf 81' lang='lat' dir='ltr'><strong>(Roman)um</strong></span> <span class='ocrx_word' id='word_1_313' title='bbox 884 1809 1127 1853; x_wconf 78' lang='lat' dir='ltr'><strong>credidera(nt)‚</strong></span> <span class='ocrx_word' id='word_1_314' title='bbox 1146 1812 1230 1843; x_wconf 87' lang='lat' dir='ltr'><strong>xviii</strong></span> <span class='ocrx_word' id='word_1_315' title='bbox 1246 1811 1379 1844; x_wconf 79' lang='lat' dir='ltr'><strong>litteras</strong></span> <span class='ocrx_word' id='word_1_316' title='bbox 1394 1821 1467 1845; x_wconf 78' lang='lat' dir='ltr'><strong>non</strong></span> 
     </span>
     <span class='ocr_line' id='line_1_40' title="bbox 201 1861 1474 1901; baseline 0.005 -9"><span class='ocrx_word' id='word_1_317' title='bbox 201 1861 252 1901; x_wconf 81' lang='grc' dir='ltr'><strong>ὀμ.</strong></span> <span class='ocrx_word' id='word_1_318' title='bbox 271 1862 423 1893; x_wconf 87' lang='lat' dir='ltr'><strong>omissas.</strong></span> <span class='ocrx_word' id='word_1_319' title='bbox 1473 1869 1474 1872; x_wconf 77' lang='grc'>’</span> 
     </span>
    </p>
   </div>
   <div class='ocr_carea' id='block_1_5' title="bbox 199 1931 1517 2198">
    <p class='ocr_par' dir='ltr' id='par_1_6' title="bbox 199 1931 1517 2198">
     <span class='ocr_line' id='line_1_41' title="bbox 255 1931 1517 1999; baseline 0.004 -14"><span class='ocrx_word' id='word_1_320' title='bbox 255 1946 337 1985; x_wconf 93' lang='lat' dir='ltr'><strong>Hic</strong></span> <span class='ocrx_word' id='word_1_321' title='bbox 365 1947 491 1986; x_wconf 88' lang='lat' dir='ltr'><strong>codex</strong></span> <span class='ocrx_word' id='word_1_322' title='bbox 521 1946 765 1998; x_wconf 86' lang='lat' dir='ltr'><strong>(praesertim</strong></span> <span class='ocrx_word' id='word_1_323' title='bbox 794 1954 1006 1999; x_wconf 86' lang='lat' dir='ltr'><strong>postquam</strong></span> <span class='ocrx_word' id='word_1_324' title='bbox 1035 1948 1087 1989; x_wconf 89' lang='lat' dir='ltr'><strong>ab</strong></span> <span class='ocrx_word' id='word_1_325' title='bbox 1119 1949 1192 1988; x_wconf 84' lang='lat' dir='ltr'><strong>Ta²</strong></span> <span class='ocrx_word' id='word_1_326' title='bbox 1222 1957 1423 1990; x_wconf 86' lang='lat' dir='ltr'><strong>correctus</strong></span> <span class='ocrx_word' id='word_1_327' title='bbox 1448 1962 1467 1983; x_wconf 72' lang='lat'><strong>&lt;-³</strong></span> <span class='ocrx_word' id='word_1_328' title='bbox 1515 1931 1517 1948; x_wconf 31' lang='grc' dir='ltr'><strong>ξ</strong></span> 
     </span>
     <span class='ocr_line' id='line_1_42' title="bbox 200 2005 1515 2066; baseline 0.004 -16"><span class='ocrx_word' id='word_1_329' title='bbox 200 2013 399 2063; x_wconf 88' lang='lat' dir='ltr'><strong>proximus</strong></span> <span class='ocrx_word' id='word_1_330' title='bbox 427 2011 510 2060; x_wconf 89' lang='lat' dir='ltr'><strong>fuit,</strong></span> <span class='ocrx_word' id='word_1_331' title='bbox 546 2019 589 2051; x_wconf 89' lang='lat' dir='ltr'><strong>ut</strong></span> <span class='ocrx_word' id='word_1_332' title='bbox 617 2012 801 2052; x_wconf 89' lang='lat' dir='ltr'><strong>conicere</strong></span> <span class='ocrx_word' id='word_1_333' title='bbox 828 2012 930 2062; x_wconf 90' lang='lat' dir='ltr'><strong>licet,</strong></span> <span class='ocrx_word' id='word_1_334' title='bbox 965 2013 1039 2066; x_wconf 89' lang='lat' dir='ltr'><strong>ipsi</strong></span> <span class='ocrx_word' id='word_1_335' title='bbox 1068 2013 1201 2055; x_wconf 91' lang='lat' dir='ltr'><strong>codici</strong></span> <span class='ocrx_word' id='word_1_336' title='bbox 1228 2015 1273 2056; x_wconf 81' lang='grc' dir='ltr'><strong>Σ.</strong></span> <span class='ocrx_word' id='word_1_337' title='bbox 1324 2016 1375 2055; x_wconf 91' lang='lat' dir='ltr'><strong>In</strong></span> <span class='ocrx_word' id='word_1_338' title='bbox 1402 2021 1462 2055; x_wconf 90' lang='lat' dir='ltr'><strong>st</strong></span> <span class='ocrx_word' id='word_1_339' title='bbox 1513 2005 1515 2020; x_wconf 67' lang='lat'><strong><em>⁵</em></strong></span> 
     </span>
     <span class='ocr_line' id='line_1_43' title="bbox 201 2067 1515 2133; baseline 0.005 -17"><span class='ocrx_word' id='word_1_340' title='bbox 201 2085 304 2116; x_wconf 91' lang='lat' dir='ltr'><strong>mate</strong></span> <span class='ocrx_word' id='word_1_341' title='bbox 325 2076 379 2128; x_wconf 86' lang='lat' dir='ltr'><strong>(p.</strong></span> <span class='ocrx_word' id='word_1_342' title='bbox 401 2077 468 2128; x_wconf 93' lang='lat' dir='ltr'><strong>vii)</strong></span> <span class='ocrx_word' id='word_1_343' title='bbox 489 2091 581 2116; x_wconf 92' lang='lat' dir='ltr'><strong>eum</strong></span> <span class='ocrx_word' id='word_1_344' title='bbox 601 2091 649 2117; x_wconf 93' lang='lat' dir='ltr'><strong>ex</strong></span> <span class='ocrx_word' id='word_1_345' title='bbox 667 2079 697 2119; x_wconf 94' lang='grc' dir='ltr'>Σ</span> <span class='ocrx_word' id='word_1_346' title='bbox 718 2080 960 2130; x_wconf 90' lang='lat' dir='ltr'><strong>descriptum</strong></span> <span class='ocrx_word' id='word_1_347' title='bbox 977 2094 1063 2120; x_wconf 89' lang='lat' dir='ltr'><strong>esse</strong></span> <span class='ocrx_word' id='word_1_348' title='bbox 1079 2080 1190 2133; x_wconf 84' lang='lat' dir='ltr'><strong>(cum</strong></span> <span class='ocrx_word' id='word_1_349' title='bbox 1205 2079 1400 2133; x_wconf 90' lang='lat' dir='ltr'><strong>Luchsio)</strong></span> <span class='ocrx_word' id='word_1_350' title='bbox 1418 2079 1427 2088; x_wconf 82' lang='grc'><strong><em>’</em></strong></span> <span class='ocrx_word' id='word_1_351' title='bbox 1454 2101 1466 2123; x_wconf 64' lang='lat'><strong>1,</strong></span> <span class='ocrx_word' id='word_1_352' title='bbox 1511 2067 1515 2082; x_wconf 46' lang='lat'><strong>‘¹</strong></span> 
     </span>
     <span class='ocr_line' id='line_1_44' title="bbox 199 2133 1513 2198; baseline 0.002 -16"><span class='ocrx_word' id='word_1_353' title='bbox 199 2142 298 2182; x_wconf 88' lang='lat' dir='ltr'><strong>caui.</strong></span> <span class='ocrx_word' id='word_1_354' title='bbox 339 2142 534 2193; x_wconf 88' lang='lat' dir='ltr'><strong>Inspectis</strong></span> <span class='ocrx_word' id='word_1_355' title='bbox 561 2143 668 2182; x_wconf 91' lang='lat' dir='ltr'><strong>enim</strong></span> <span class='ocrx_word' id='word_1_356' title='bbox 694 2143 791 2184; x_wconf 90' lang='lat' dir='ltr'><strong>locis</strong></span> <span class='ocrx_word' id='word_1_357' title='bbox 815 2145 1056 2196; x_wconf 89' lang='lat' dir='ltr'><strong>quibusdam</strong></span> <span class='ocrx_word' id='word_1_358' title='bbox 1077 2146 1167 2198; x_wconf 90' lang='lat' dir='ltr'><strong>(e.g.</strong></span> <span class='ocrx_word' id='word_1_359' title='bbox 1191 2158 1255 2197; x_wconf 89' lang='lat'><strong>27.</strong></span> <span class='ocrx_word' id='word_1_360' title='bbox 1275 2159 1338 2198; x_wconf 85' lang='lat'><strong>34.</strong></span> <span class='ocrx_word' id='word_1_361' title='bbox 1365 2160 1425 2195; x_wconf 90' lang='lat'><strong>12,</strong></span> <span class='ocrx_word' id='word_1_362' title='bbox 1457 2153 1468 2179; x_wconf 69' lang='grc' dir='ltr'><strong><em>Γ</em></strong></span> <span class='ocrx_word' id='word_1_363' title='bbox 1511 2133 1513 2139; x_wconf 36' lang='lat'><strong>⁴</strong></span> 
     </span>
    </p>
   </div>
   <div class='ocr_carea' id='block_1_6' title="bbox 199 2264 1451 2456">
    <p class='ocr_par' dir='ltr' id='par_1_7' title="bbox 243 2264 1451 2362">
     <span class='ocr_line' id='line_1_45' title="bbox 243 2264 1450 2310; baseline 0.006 -15"><span class='ocrx_word' id='word_1_364' title='bbox 243 2264 252 2284; x_wconf 85' lang='lat'>¹</span> <span class='ocrx_word' id='word_1_365' title='bbox 273 2265 462 2296; x_wconf 89' lang='lat' dir='ltr'><strong>Mommsen</strong></span> <span class='ocrx_word' id='word_1_366' title='bbox 473 2270 507 2297; x_wconf 88' lang='lat' dir='ltr'><strong>et</strong></span> <span class='ocrx_word' id='word_1_367' title='bbox 520 2266 742 2308; x_wconf 89' lang='lat' dir='ltr'><strong>Studemund,</strong></span> <span class='ocrx_word' id='word_1_368' title='bbox 755 2267 913 2300; x_wconf 82' lang='lat' dir='ltr'><strong>Analecta</strong></span> <span class='ocrx_word' id='word_1_369' title='bbox 924 2268 1082 2309; x_wconf 72' lang='lat' dir='ltr'><strong>Ltuiuna,</strong></span> <span class='ocrx_word' id='word_1_370' title='bbox 1093 2270 1231 2310; x_wconf 81' lang='lat' dir='ltr'><strong>Lipsiae</strong></span> <span class='ocrx_word' id='word_1_371' title='bbox 1244 2270 1336 2310; x_wconf 85' lang='lat'>1873,</span> <span class='ocrx_word' id='word_1_372' title='bbox 1348 2279 1404 2310; x_wconf 91' lang='lat' dir='ltr'><strong>pp.</strong></span> <span class='ocrx_word' id='word_1_373' title='bbox 1422 2284 1430 2294; x_wconf 92' lang='lat'><strong>·</strong></span> <span class='ocrx_word' id='word_1_374' title='bbox 1447 2279 1450 2281; x_wconf 69' lang='grc'><strong>’</strong></span> 
     </span>
     <span class='ocr_line' id='line_1_46' title="bbox 243 2316 1451 2362; baseline 0.006 -16"><span class='ocrx_word' id='word_1_375' title='bbox 243 2316 256 2336; x_wconf 77' lang='lat'><strong>2</strong></span> <span class='ocrx_word' id='word_1_376' title='bbox 280 2317 417 2356; x_wconf 88' lang='lat' dir='ltr'><strong>Paginis</strong></span> <span class='ocrx_word' id='word_1_377' title='bbox 446 2317 590 2357; x_wconf 88' lang='lat' dir='ltr'><strong>singulis</strong></span> <span class='ocrx_word' id='word_1_378' title='bbox 616 2329 709 2350; x_wconf 85' lang='lat' dir='ltr'>xxxv</span> <span class='ocrx_word' id='word_1_379' title='bbox 730 2329 849 2350; x_wconf 88' lang='lat' dir='ltr'><strong>uersus</strong></span> <span class='ocrx_word' id='word_1_380' title='bbox 874 2325 982 2359; x_wconf 87' lang='lat' dir='ltr'><strong>erant,</strong></span> <span class='ocrx_word' id='word_1_381' title='bbox 1007 2331 1150 2362; x_wconf 88' lang='lat' dir='ltr'><strong>quorum</strong></span> <span class='ocrx_word' id='word_1_382' title='bbox 1174 2331 1262 2353; x_wconf 85' lang='lat' dir='ltr'><strong>unus</strong></span> <span class='ocrx_word' id='word_1_383' title='bbox 1288 2321 1451 2362; x_wconf 61' lang='lat' dir='ltr'><strong>quisque‘</strong></span> 
     </span>
    </p>

    <p class='ocr_par' dir='ltr' id='par_1_8' title="bbox 199 2368 1212 2456">
     <span class='ocr_line' id='line_1_47' title="bbox 199 2368 1212 2408; baseline 0.007 -10"><span class='ocrx_word' id='word_1_384' title='bbox 199 2368 346 2408; x_wconf 87' lang='lat' dir='ltr'><strong>amplius</strong></span> <span class='ocrx_word' id='word_1_385' title='bbox 361 2369 404 2406; x_wconf 88' lang='lat' dir='ltr'><strong>xl,</strong></span> <span class='ocrx_word' id='word_1_386' title='bbox 423 2368 479 2399; x_wconf 94' lang='lat' dir='ltr'><strong>uix</strong></span> <span class='ocrx_word' id='word_1_387' title='bbox 497 2370 607 2400; x_wconf 89' lang='lat' dir='ltr'><strong>minus</strong></span> <span class='ocrx_word' id='word_1_388' title='bbox 623 2371 729 2401; x_wconf 81' lang='lat' dir='ltr'><strong>xxxiv</strong></span> <span class='ocrx_word' id='word_1_389' title='bbox 743 2370 873 2403; x_wconf 91' lang='lat' dir='ltr'><strong>litteras</strong></span> <span class='ocrx_word' id='word_1_390' title='bbox 890 2373 1026 2404; x_wconf 84' lang='lat' dir='ltr'><strong>uidetur</strong></span> <span class='ocrx_word' id='word_1_391' title='bbox 1041 2373 1212 2405; x_wconf 87' lang='lat' dir='ltr'><strong>habuisse.</strong></span> 
     </span>
     <span class='ocr_line' id='line_1_48' title="bbox 242 2419 884 2456; baseline 0.008 -6"><span class='ocrx_word' id='word_1_392' title='bbox 242 2419 256 2439; x_wconf 79' lang='lat'>³</span> <span class='ocrx_word' id='word_1_393' title='bbox 281 2420 331 2450; x_wconf 89' lang='lat' dir='ltr'><strong>De</strong></span> <span class='ocrx_word' id='word_1_394' title='bbox 347 2420 410 2451; x_wconf 93' lang='lat' dir='ltr'><strong>hoc</strong></span> <span class='ocrx_word' id='word_1_395' title='bbox 426 2421 460 2452; x_wconf 90' lang='lat' dir='ltr'><strong>in</strong></span> <span class='ocrx_word' id='word_1_396' title='bbox 475 2421 576 2453; x_wconf 87' lang='lat' dir='ltr'><strong>adnn.</strong></span> <span class='ocrx_word' id='word_1_397' title='bbox 596 2423 724 2454; x_wconf 86' lang='lat' dir='ltr'><strong>nostris</strong></span> <span class='ocrx_word' id='word_1_398' title='bbox 739 2423 884 2456; x_wconf 86' lang='lat' dir='ltr'><strong>silemus.</strong></span> 
     </span>
    </p>
   </div>
   <div class='ocr_carea' id='block_1_7' title="bbox 819 2493 892 2517">
    <p class='ocr_par' dir='ltr' id='par_1_9' title="bbox 819 2493 892 2517">
     <span class='ocr_line' id='line_1_49' title="bbox 819 2493 892 2517; baseline 0 0"><span class='ocrx_word' id='word_1_399' title='bbox 819 2493 892 2517; x_wconf 88' lang='lat' dir='ltr'><strong>XXX</strong></span> 
     </span>
    </p>
   </div>
  </div>
 </body>
</html>
