1546 2756
542 162 866 202 PRAEFATIO

62 267 145 314 ''ter
161 286 205 313 se
219 271 441 323 disparibus
457 279 496 311 et
507 272 560 311 ab
572 271 660 312 aliis
677 285 727 312 ex
745 271 824 310 alio
843 272 955 312 fonte
973 271 1249 311 haurientibus
1265 278 1368 310 uter-

55 331 123 382 'fle
141 345 339 378 correctus
353 344 413 376 est
429 335 541 389 (uide
553 338 573 387 §
586 336 666 389 92).
714 337 755 377 N
758 350 861 388 eque
876 336 984 376 enim
998 338 1165 377 alterum
1180 349 1230 376 ex
1241 337 1367 376 altero

57 427 107 462 1
123 420 142 437 u
159 401 284 454 ‘ptum
304 415 392 442 esse
410 403 582 442 doceant
599 403 701 442 haec
718 403 924 453 exempla:

8 499 12 546 ζ
58 525 66 536 ,.
85 500 244 532 codicem
259 501 293 532 A
311 510 380 531 non
403 500 446 531 ab
467 498 507 530 N
524 504 635 531 ortum
659 511 738 532 esse
761 500 877 540 possis
898 499 1104 531 concludere
1128 510 1174 531 ex
1197 510 1249 541 27.
1273 510 1324 532 10.
1344 500 1366 531 8

8 550 12 574 3
91 551 202 593 osani)
217 563 226 583 ε
241 562 293 592 27.
309 561 364 591 30.
385 561 421 582 11
441 551 684 592 (indutiarum)
701 562 711 591 3
731 553 782 584 28.
801 562 834 591 3.
854 562 890 582 11
911 552 992 592 (om.
1008 551 1084 594 N);
1104 553 1158 583 28.
1176 562 1231 591 31.
1248 551 1364 594 6(om.

9 609 12 615 ’
71 640 74 644 7
106 614 116 644 ;
139 613 192 644 29.
210 614 242 635 2.
260 612 299 643 15
320 604 398 644 (om.
416 602 466 643 N)
482 613 492 643 3
514 613 567 642 30.
583 613 637 643 34.
652 605 674 635 8
687 604 981 645 (uolneribusque).
1014 603 1176 634 Codicem
1187 603 1225 634 N
1237 614 1305 634 non
1321 604 1364 634 ab

10 658 25 698 [a.
94 655 271 687 oriundum
289 655 448 686 conicere
463 654 609 686 sortasse
623 655 703 686 licet
719 665 764 686 ex
780 657 835 687 26.
853 666 907 694 40.
929 665 966 686 11
986 654 1162 695 (indebilis)
1176 666 1184 694 ;
1199 665 1253 694 27.
1274 665 1302 687 1.
1326 666 1365 695 14

9 701 18 729 ἶ
62 741 64 743 ,
111 706 149 748 ’);
166 716 220 746 27.
235 717 285 737 10.
300 717 321 737 2
333 707 426 748 (cum
440 707 535 748 esset)
552 717 561 746 3
587 717 639 747 27.
660 717 711 747 19.
736 718 757 738 2
774 707 830 748 (ex
842 707 911 748 his)
928 718 937 747 3
960 708 1013 739 28.
1028 717 1058 747 7.
1074 708 1113 738 18
1125 706 1266 749 (Oxeas)
1282 717 1293 747 ;
1308 708 1365 739 28.

10 753 27 786 i.
55 751 60 757 ’
77 755 79 758 ⁴
114 767 134 799 7
151 758 281 801 (facile)
297 767 307 798 ;
323 769 377 799 29.
397 768 447 798 14.
468 768 508 799 14
527 758 662 800 (Megal.
680 758 826 803 appell.).

59 838 81 884 Ῐ
95 844 255 884 Horum
283 843 472 884 codicum
498 846 598 885 alter
622 844 784 885 alterius
812 852 896 885 tarn
921 845 1060 887 similis
1087 853 1150 887 est
1175 853 1222 887 ut
1245 844 1366 886 nobis

14 923 20 953 5.
143 922 288 961 operae
313 909 483 960 pretium
507 909 639 949 uisum
659 911 710 950 sit
728 910 921 951 lectiones
945 911 1095 952 codicis
1116 913 1171 950 N
1180 911 1222 950 in
1243 911 1366 950 Libro

18 987 19 990 ¹
62 1018 78 1031 f
121 975 181 1014 VI
209 976 531 1026 proferre—ante
559 974 710 1015 scilicet
738 989 831 1016 eum
859 978 995 1016 locum
1025 976 1096 1016 ubi
1125 984 1365 1016 correctores

17 1086 20 1087 7
70 1039 281 1080 r*rensiani
300 1054 372 1079 sua
389 1041 540 1081 addere
556 1040 780 1092 incipiunt.¹
836 1043 930 1092 Qua
943 1043 996 1082 de
1009 1056 1140 1090 causa,
1157 1048 1202 1082 ut
1220 1043 1364 1081 eodem

62 1095 142 1151 3310
173 1106 281 1145 idem
312 1119 383 1157 per
408 1113 539 1146 totum
571 1107 679 1146 hunc
709 1108 886 1146 Tomum
915 1107 1169 1159 significetur,
1199 1120 1274 1147 nos
1305 1107 1365 1159 (in

58 1172 84 1202 “s
104 1170 383 1222 ·otationibus)
419 1171 602 1211 codicem
639 1172 697 1212 N
724 1186 806 1211 non
843 1171 1085 1211 includimus
1118 1171 1161 1211 in
1197 1184 1364 1211 numero

67 1247 95 1269 '·
138 1249 180 1276 m
208 1235 279 1288 qui
306 1236 511 1290 (quotiens
538 1251 632 1278 cum
660 1240 705 1277 P
728 1252 870 1278 omnes
897 1236 1171 1289 consentiunt)
1198 1237 1297 1288 siglo
1328 1239 1362 1279 Π

63 1301 308 1358 7ἰὲῐιειηῐιιτ.
366 1301 530 1344 Codicis
549 1317 645 1343 uero
659 1303 762 1343 illius
778 1305 887 1344 unde
900 1305 941 1342 A
955 1311 994 1343 et
1008 1304 1064 1342 N
1066 1302 1253 1355 descripti
1271 1310 1366 1342 sunt

97 1367 300 1420 prietates
317 1369 517 1420 quaedam
536 1368 651 1408 facile
670 1367 859 1420 distingui
878 1375 1070 1420 possunt:

74 1453 128 1498 ’(ἰ)
150 1454 266 1496 Saepe
281 1465 381 1487 unam
398 1455 455 1486 uel
472 1455 588 1495 plures
607 1466 713 1487 uoces
731 1455 862 1496 omisit3
885 1455 926 1488 cf.
945 1458 1009 1496 eg.
1026 1465 1079 1494 27.
1098 1464 1130 1495 5.
1150 1455 1214 1495 16;
1237 1464 1290 1495 27.
1311 1455 1360 1487 16.

73 1510 115 1550 1²
129 1508 170 1546 63
192 1518 246 1547 27.
267 1517 316 1548 19.
334 1518 355 1547 3
371 1512 406 1539 et
424 1517 484 1547 103
508 1518 560 1547 27.
579 1509 630 1547 46.
646 1518 666 1547 3
683 1519 691 1547 ;
715 1518 768 1548 29.
786 1518 818 1540 2.
839 1518 899 1546 11;
924 1517 977 1546 30.
994 1517 1048 1546 24.
1071 1517 1119 1539 12.

72 1587 79 1595 2
102 1557 140 1600 ii)
163 1559 276 1599 Saepe
299 1559 504 1599 glossemata
527 1570 567 1590 ac
589 1561 795 1590 mutationes
811 1560 967 1591 consulto
984 1559 1090 1590 factas
1106 1559 1140 1589 in
1165 1563 1360 1590 contextum

76 1611 83 1617 ”
118 1611 209 1651 ruit;
233 1611 311 1642 uide
327 1611 483 1652 exempla
499 1612 664 1651 quaedam
681 1612 724 1642 ad
741 1612 793 1643 28.
814 1621 862 1644 12.
884 1620 924 1650 13
947 1612 1025 1643 adn.
1050 1610 1195 1642 collecta
1217 1615 1252 1642 et
1275 1611 1362 1641 adde

101 1684 112 1694 .
129 1672 182 1703 27.
201 1673 253 1695 2ο.
268 1673 316 1703 9;
339 1664 391 1695 28.
410 1673 461 1701 24.
480 1673 542 1703 τος
565 1673 618 1703 30.
637 1674 690 1703 27.
711 1673 747 1694 11
766 1674 774 1703 3
799 1673 852 1702 3ο.
868 1673 919 1702 30.
935 1673 987 1703 23.

32 1741 34 1745 ,
73 1714 155 1757 ’(ἱίἰ)
181 1713 389 1754 Saepissime
405 1715 586 1746 uerborum
602 1715 756 1746 ordinem
773 1715 939 1754 mutauit;
964 1713 1005 1746 cf.
1023 1723 1076 1755 29.
1095 1723 1128 1754 3.
1145 1724 1185 1746 10
1196 1713 1287 1754 adn„
1305 1712 1360 1744 ubi

75 1762 144 1797 'us
159 1765 210 1797 rei
227 1766 381 1806 exempla
398 1767 509 1807 aliqua
526 1767 667 1798 collecta
681 1766 791 1798 sunt.²

78 1816 136 1851 At
149 1817 354 1858 glossemata
369 1819 424 1850 illa
440 1818 545 1850 inlata
563 1823 598 1850 et
618 1819 694 1861 (seu
710 1818 889 1850 uerborum
912 1818 1043 1850 ordinis
1057 1827 1119 1849 seu
1141 1817 1278 1849 maioris
1293 1817 1358 1858 rei)

117 1869 247 1901 ationes
272 1868 470 1910 plerumque
496 1871 653 1902 consulto
677 1871 783 1902 saetas
807 1871 973 1911 praebent
994 1880 1067 1901 non
1092 1869 1198 1901 solum
1223 1869 1361 1900 codices

32 1912 37 1929 '⁴'
82 1925 91 1945 s
131 1921 191 1952 sed
208 1922 308 1953 etiam
324 1922 406 1953 satis
423 1922 543 1953 crebro
555 1923 691 1954 codices
707 1922 755 1953 illi
770 1933 857 1963 quos
881 1922 976 1963 siglis
996 1921 1030 1953 V
1039 1925 1074 1953 et
1090 1923 1108 1952 θ
1130 1921 1357 1960 designamus.

94 1976 103 1994 ’·
152 1982 220 2014 e.g.
237 1983 289 2013 27.
309 1974 341 2006 8.
361 1983 381 2004 2
398 1978 432 2004 et
448 1984 500 2014 27.
522 1984 573 2006 12.
593 1984 633 2005 10
650 1976 896 2016 (praegressum
919 1974 1012 2014 eum)
1038 1976 1084 2012 et,
1103 1974 1192 2013 quod
1216 1973 1259 2004 ad
1283 1983 1359 2003 uer-

138 2040 155 2052 ··
178 2025 332 2056 ordinem
346 2026 478 2065 attinet,
497 2026 550 2057 26.
567 2035 598 2066 5.
619 2036 658 2065 17
675 2027 753 2057 adn.
796 2025 894 2057 Haec
910 2026 997 2056 inter
1011 2025 1147 2056 codices
1162 2023 1238 2055 AN
1250 2028 1284 2055 et
1303 2023 1336 2054 V
1341 2026 1361 2054 θ

36 2095 39 2097 >
122 2077 269 2108 munitas
283 2087 386 2117 quare
403 2077 438 2107 in
457 2077 554 2108 Liuio
569 2078 705 2108 edendo
721 2077 796 2108 usui
813 2078 856 2108 sit
873 2076 939 2107 iam
956 2086 1060 2118 supra
1076 2077 1108 2118 (ξ
1128 2077 1172 2107 86
1188 2076 1222 2106 iii
1239 2076 1273 2114 a)
1298 2085 1360 2106 ex-

39 2126 42 2163 J
95 2168 98 2169 7
121 2143 124 2145 ·
156 2128 179 2161 i.
225 2128 461 2169 Archetypum
481 2138 564 2160 uero
586 2129 742 2160 codicum
763 2128 838 2160 AN
855 2139 925 2160 non
947 2139 990 2159 ex
1014 2139 1035 2160 r
1054 2129 1131 2168 ipso
1156 2133 1266 2159 ortum
1283 2137 1361 2158 esse

126 2231 207 2264 Post
229 2242 328 2273 quem
350 2231 460 2264 locum
485 2242 624 2273 prorsus
647 2243 790 2266 necesse
815 2236 891 2265 erat
914 2233 1043 2264 codicis
1065 2232 1172 2273 ipsius
1195 2231 1362 2264 lectiones

83 2285 220 2324 ‘.e1·re;
236 2284 316 2315 uide
331 2285 347 2322 ξ
364 2285 408 2314 86
423 2284 456 2314 iii
474 2285 535 2326 (b).

86 2327 98 2366 ζ.
126 2333 212 2367 Cum
234 2335 421 2366 identidem
445 2346 507 2376 per
530 2340 631 2367 totam
650 2336 819 2368 Decadem
836 2335 1017 2368 uerborum
1033 2336 1116 2366 ordo
1132 2335 1167 2366 in
1186 2335 1360 2366 codicibus

39 2383 50 2424 Ξ
103 2382 110 2386 ”
147 2385 185 2418 Ν
194 2391 342 2418 mutatus
357 2387 410 2427 sit,
425 2387 624 2427 saepissime
641 2388 684 2419 de
708 2389 771 2420 hac
794 2398 832 2420 re
853 2388 1095 2419 adnotationes
1110 2396 1155 2417 ex
1170 2390 1358 2418 comment-

40 2431 53 2470 ἓ,
91 2438 113 2478 j·
134 2442 251 2470 nostro
266 2447 329 2469 nos
341 2438 454 2470 eicere
472 2439 576 2471 coacti
593 2449 719 2472 sumus.

37 2487 45 2500 ἶ
97 2485 100 2486 ⁷

660 2494 736 2534 xvii
1197 2492 1224 2533 b
