1546 2756
150 165 289 204 XXVI
309 174 355 213 31
380 181 419 203 10
743 163 863 203 TITI
892 163 1010 201 LIVI
1054 162 1058 166 ’

219 273 408 322 habeatis,
432 281 561 325 patres
581 271 804 324 conscripti,
822 285 960 321 necne,
976 270 1100 322 magis
1115 273 1171 310 rei
1183 271 1367 322 publicae
1379 273 1460 312 inte
1487 292 1503 308 ὲ

219 353 340 390 quam
356 352 455 378 mea.
491 338 653 389 Quippe
669 352 758 377 mea
770 339 869 378 fides
884 338 1064 377 exsoluta
1078 344 1156 376 est:
1176 337 1230 376 ad
1241 350 1324 376 rem
1337 336 1485 389 publi
1508 342 1513 345 ’

218 403 387 456 pertinet
406 418 457 443 ne
476 411 565 443 aeta
584 417 673 442 mea
692 403 956 443 rescindendo
975 402 1075 442 alios
1100 401 1142 441 in
1165 409 1371 454 posterum
1388 403 1511 455 segni

162 482 198 505 11
218 483 279 509 res
299 471 421 509 duces
437 468 598 508 faciatis.
649 471 702 509 Et
720 470 912 520 quoniam
931 482 1067 508 coram
1093 475 1133 508 et
1151 467 1377 508 Siculorum
1391 475 1432 509 et
1449 482 1491 509 m

218 535 340 574 uerba
367 534 543 583 audistis,
563 542 694 586 patres
717 533 940 585 conscripti,
964 533 1082 573 simul
1109 535 1262 585 templo
1286 535 1477 574 excedem

217 608 261 639 ut
290 615 355 640 me
373 601 538 639 absente
558 599 719 639 liberius
738 599 893 639 consuli
918 607 1077 638 senatus
1097 598 1248 650 possit.’
1305 600 1367 639 Ita
1386 599 1511 640 dim·

218 665 338 705 Siculi
358 673 396 704 et
416 665 500 717 ipse
525 665 566 704 in
587 664 830 716 Capitolium
849 666 901 704 ad
921 665 1112 704 dilectum
1130 664 1323 705 discessit.

147 743 198 782 32
272 732 425 771 Consul
453 732 551 770 alter
578 732 630 770 de
659 729 865 782 postulatis
894 730 1119 770 Siculorum
1145 731 1199 770 ad
1225 739 1355 782 patres
1375 738 1479 772 rettu

217 795 281 835 Ibi
300 809 392 835 cum
408 797 477 836 diu
494 796 697 835 sententiis
712 803 904 835 certatum
924 803 1028 835 esset
1043 803 1083 835 et
1101 809 1246 848 magna
1258 810 1349 848 pars
1364 810 1460 836 sena

179 881 195 904 2
215 861 393 913 principe
413 861 495 900 eius
517 862 735 900 sententiae
759 863 806 900 T.
830 860 986 901 Manlio
1010 863 1227 912 Torquato,
1251 874 1346 900 cum
1363 868 1503 915 tyran

215 930 367 969 bellum
402 929 622 980 gerendum
660 926 781 966 fuisse
818 933 1025 966 censerent
1053 926 1238 967 hostibus
1265 934 1306 967 et
1333 928 1480 979 Syracu
1493 971 1496 974 ,

214 1008 358 1034 norum
386 1001 425 1034 et
454 992 591 1044 populi
624 991 810 1041 Romani,
846 1000 885 1032 et
916 993 1056 1031 urbem
1085 991 1218 1044 recipi,
1252 1006 1336 1032 non
1368 994 1471 1045 capi,
1488 997 1496 1033 Γ
1540 1042 1543 1047 .

215 1067 414 1111 receptam
437 1059 589 1110 legibus
612 1056 785 1108 antiquis
812 1066 852 1098 et
878 1057 1060 1098 libertate
1087 1058 1262 1108 stabiliri,
1291 1073 1375 1099 non
1540 1068 1541 1071 ’

178 1146 196 1176 3
215 1125 437 1164 miseranda
457 1125 645 1163 seruitute
665 1124 772 1163 bello
790 1123 925 1174 adfligi
940 1137 952 1173 ς
983 1125 1085 1163 inter
1099 1131 1355 1175 tyrannorum
1369 1132 1411 1165 et
1425 1127 1492 1166 du
1536 1171 1539 1177 ἡ

215 1189 390 1230 Romani
409 1188 623 1229 certamina
646 1188 865 1240 praemium
886 1188 1048 1229 uictoris
1067 1189 1109 1229 in
1129 1191 1264 1230 medio
1289 1190 1460 1241 positam
1493 1194 1496 1197 ’
1533 1232 1535 1239 ⁴

215 1256 307 1295 bem
327 1256 630 1307 pulcherrimam
651 1268 698 1294 ac
716 1253 1007 1294 nobilissimam
1032 1256 1190 1306 perisse,
1213 1257 1398 1296 horreum
1417 1264 1486 1296 ato·
1532 1247 1537 1267 ⁴

213 1321 406 1360 aerarium
435 1321 638 1372 quondam
670 1319 809 1371 populi
832 1320 1020 1369 Romani,
1049 1320 1163 1361 cuius
1192 1321 1482 1362 munificentia·
1528 1375 1530 1380 λ

213 1386 330 1426 donis
350 1387 484 1425 multis
507 1385 824 1437 tempestatibuS‚
842 1386 921 1425 hoc
944 1385 1120 1438 denique
1145 1386 1233 1438 ipso
1258 1387 1412 1428 Punico
1431 1387 1479 1428 δ’
1527 1431 1531 1444 ἶ

174 1470 195 1502 4
212 1451 347 1491 adiuta
367 1459 582 1502 ornataque
601 1464 661 1490 res
681 1451 842 1502 publica
861 1459 964 1491 esset
980 1465 992 1500 3
1019 1453 1052 1491 si
1072 1451 1126 1492 ab
1145 1452 1278 1492 inferis
1297 1452 1457 1493 exsistat
1480 1446 1486 1487 ἑ
1526 1445 1530 1458 λ’

214 1517 342 1557 Hiero
365 1516 578 1556 fidissimus
601 1516 755 1567 imperii
783 1516 955 1555 Romani
981 1518 1118 1566 cultor,
1146 1531 1228 1569 quo
1253 1531 1324 1558 ore
1340 1525 1410 1558 aut
1427 1519 1472 1559 S
1524 1515 1528 1524 ’

213 1595 327 1621 cusas
353 1589 420 1621 aut
445 1583 619 1621 Romam
639 1581 675 1620 ei
695 1581 853 1621 ostendi
876 1595 1005 1632 posse,
1026 1596 1130 1632 cum,
1152 1583 1223 1622 ubi
1242 1582 1477 1629 semirutam*
1520 1634 1524 1639 ,

214 1647 422 1698 spoliatam
446 1647 612 1699 patriam
638 1646 861 1698 respexerit,
893 1646 1119 1698 ingrediens
1149 1650 1324 1688 Romam
1351 1648 1394 1688 in
1420 1662 1472 1688 u

212 1713 309 1752 bulo
329 1712 447 1762 urbis,
470 1726 593 1764 prope
607 1712 653 1751 ‘in
669 1720 792 1763 porta,
811 1712 937 1764 spolia
948 1714 1097 1765 patriae
1112 1727 1207 1754 suae
1222 1713 1378 1754 uisurus
1393 1713 1443 1754 sit
1478 1755 1481 1758 ,

176 1793 192 1824 5
212 1778 312 1818 haec
341 1778 512 1829 taliaque
541 1791 633 1817 curn
661 1779 714 1817 ad
742 1777 935 1818 inuidiam
961 1779 1136 1819 consulis
1161 1779 1472 1820 miserationem
1514 1828 1517 1838 Ἃ

213 1844 435 1883 Siculorum
471 1843 705 1892 dicerentur,
738 1843 872 1884 mitius
910 1852 1046 1885 tamen
1082 1846 1344 1886 decreuerunt
1380 1858 1451 1898 pa·
1463 1841 1471 1902 ⁷,
1514 1841 1518 1848 '

259 1953 298 1974 10
322 1952 430 1973 necne
447 1943 528 1974 Lov.
548 1953 578 1982 3.
597 1954 616 1982 4
633 1942 696 1975 ald.
717 1942 810 1976 Frob.
828 1954 855 1976 1.
873 1955 914 1976 2:
939 1955 983 1975 ne
1003 1945 1070 1977 Πθε
1097 1955 1161 1976 nec
1178 1941 1309 1976 WAl:
1331 1948 1366 1976 et
1384 1943 1429 1976 C⁴
1467 1975 1473 1979 ,,
1510 1967 1514 1978 ι

213 1997 288 2018 mea
304 1987 390 2018 fides
406 1986 545 2028 PCR&
567 1987 632 2019 ald.
649 1987 744 2019 Frob.
763 1997 789 2020 1.
807 1999 827 2019 2
843 1988 902 2019 sed
924 1999 1000 2020 mea
1023 1989 1150 2029 quippe
1173 1989 1261 2020 fides
1276 1988 1313 2029 ):
1337 1988 1424 2020 fides
1508 2026 1512 2033 ‚

210 2029 334 2061 BDAo
468 2040 505 2061 11
532 2031 660 2062 dimissi
678 2032 783 2063 Siculi
802 2031 837 2070 C,
857 2032 1061 2072 Alschefski:
1085 2033 1234 2065 dimissis
1249 2032 1344 2064 siculi
1358 2031 1450 2064 PR
1507 2035 1511 2051 ²

211 2085 235 2105 c.
255 2085 309 2113 40.
328 2084 366 2113 14
383 2073 460 2106 adn.
475 2083 484 2104 :
507 2075 655 2106 dimissis
670 2075 786 2107 siculis
802 2075 844 2106 M
847 2075 1053 2109 ⁷BDAoald.
1069 2075 1164 2109 Frob.
1179 2086 1208 2108 1.
1226 2086 1247 2108 2

257 2124 302 2157 32
330 2127 345 2148 1
361 2118 543 2150 sententiis
561 2118 674 2160 Gron.‚
695 2119 732 2159 cf.
751 2130 812 2160 eg.
831 2130 883 2159 27.
899 2122 931 2151 6.
949 2131 988 2161 9:
1013 2121 1056 2152 de
1074 2121 1253 2152 sententiis
1270 2118 1406 2161 (sentiis
1440 2139 1442 2142 ν
1465 2123 1469 2126 ’

212 2161 278 2192 ald.
301 2161 396 2193 Frob.
412 2171 439 2193 1.
459 2173 501 2193 2:
526 2163 672 2194 diuersis
686 2164 867 2195 sententiis
885 2165 987 2204 Koch,
1006 2164 1065 2195 sed
1082 2165 1126 2196 de
1144 2163 1230 2195 illud
1245 2164 1298 2196 uel
1314 2174 1356 2196 ex
1375 2173 1428 2196 se·
1457 2167 1470 2197 s
1503 2158 1507 2174 ¹

211 2204 287 2236 lecto
299 2205 408 2255 ,πεζοῦ
423 2208 691 2237 constructionem
709 2206 797 2237 uocis
816 2212 949 2258 certare
966 2219 1033 2239 non
1048 2208 1237 2240 intellectam
1253 2211 1365 2240 ortum
1380 2207 1444 2239 en't
1456 2242 1458 2246 ,
1501 2199 1506 2252 l

213 2259 416 2324 {¹er13{¹¹1⁰.¹{‘³2
427 2249 661 2325 Γὲῗζῖὶιῖἶέοἵὶὲ
667 2260 750 2333 ἀἴας
759 2254 982 2335 ἷῖἓῖῗῗῖξ
993 2251 1164 2327 Σζῖηῗὼω·
1181 2252 1305 2326 ¹⁴13‘3110
1323 2261 1419 2328 ηαιέν.
1431 2275 1434 2277 ’
1453 2268 1460 2304 ³
1498 2323 1502 2334 Δ

216 2344 242 2366 1.
257 2345 276 2364 2
291 2346 299 2366 z
316 2341 350 2367 et
362 2336 450 2367 bello
466 2338 484 2366 θ
497 2336 577 2368 Lov.
591 2346 611 2376 5
722 2347 743 2376 3
767 2339 952 2369 certamina
964 2338 1087 2369 BDAO
1100 2349 1109 2370 z
1125 2342 1252 2370 certam
1266 2339 1298 2371 ia
1310 2338 1379 2380 (uel
1498 2335 1502 2349 '

214 2381 338 2410 certaffi
355 2379 420 2410 iam
436 2378 496 2410 M⁷
662 2390 682 2419 4
707 2381 840 2420 imperii
859 2382 940 2424 (-rio
955 2382 1000 2424 P)
1019 2383 1168 2414 Romani
1182 2381 1239 2412 Px
1253 2386 1283 2414 et
1296 2382 1368 2414 iam
1382 2391 1430 2415 an
1448 2387 1450 2390 ’
1496 2403 1499 2411 2

213 2421 282 2455 uid.
299 2422 358 2464 ΡΙ,
377 2422 456 2455 Ao:
480 2423 623 2465 imperio
638 2433 778 2456 romano
793 2423 837 2458 ἰι-2
990 2434 1012 2466 5
1035 2426 1151 2458 mitius
1164 2425 1295 2459 wM²o=
1317 2425 1448 2459 minuti
1492 2414 1499 2451 l
