1546 2756
194 347 353 398 placuit,
389 360 533 397 corpus
567 347 722 385 nullum
756 345 927 384 ciuitatis
961 359 1035 385 nec
1069 351 1253 384 senatum
1287 357 1362 384 nec
1394 342 1492 396 ple·

140 427 178 450 10
196 412 410 453 concilium
431 426 505 451 nec
525 411 774 462 magistratus
794 424 905 450 esse:
934 410 1020 450 sine
1046 409 1215 450 consilio
1241 408 1416 460 publico,
1438 409 1488 449 si
1544 401 1546 404 ¹

196 477 362 529 imperio
390 476 688 516 multitudinem
717 475 863 514 nullius
891 475 946 515 rei
976 475 1077 515 inter
1105 489 1148 514 se
1177 474 1326 514 sociam
1354 476 1407 515 ad
1433 489 1495 515 c·-

196 556 357 582 sensum
385 541 604 581 inhabilem
633 543 716 581 fore
729 555 741 590 ς
777 542 1022 592 praefectum
1050 541 1103 580 ad
1131 540 1216 580 iura
1241 541 1448 581 reddenda
1483 546 1486 548 ’
1539 551 1540 554 ’

141 621 175 644 11
198 611 330 648 Roma
350 606 562 659 quotannis
582 605 780 645 missuros.
841 607 904 645 Ita
923 607 975 645 ad
996 606 1179 657 Capuam
1198 619 1260 646 res
1279 606 1488 657 composi

198 673 364 713 consilio
391 673 445 712 ab
477 673 589 712 omni
617 679 729 723 parte
763 671 964 711 laudabili.
1024 673 1170 712 Seuere
1203 678 1243 711 et
1275 671 1454 712 celeriter

198 739 368 779 maxime
387 740 526 778 noxios
545 737 868 777 animaduersum
883 752 894 787 3
922 737 1139 777 multitudo
1158 737 1307 777 ciuium
1333 727 1493 788 ᾱίεεὶιχ,ι

141 820 179 842 12
200 806 240 843 in
260 807 411 844 nullam
430 817 544 854 spem
563 803 712 842 reditus
726 818 737 852 3
767 816 849 842 non
877 802 1075 842 saeuitum
1101 803 1298 844 incendiis
1323 802 1489 856 ruinisq
1534 813 1537 859 ,ᾗ

199 869 242 909 in
268 877 374 910 tecta
399 868 561 908 innoxia
588 881 813 919 murosque,
845 875 885 907 et
919 882 1011 907 cum
1046 870 1321 909 emolumento
1348 882 1486 921 qua
1535 865 1536 869 ¹

199 937 319 975 etiam
333 936 441 986 apud
457 934 585 973 socios
600 935 771 972 lenitatis
787 933 939 984 species
955 933 1229 974 incolumitate
1245 934 1352 974 urbis
1368 935 1480 974 nobi
1530 949 1535 996 ὲ

199 1000 324 1040 simae
355 999 769 1051 opulentissimaeque,
808 998 925 1038 cuius
961 999 1085 1039 ruinis
1122 999 1254 1039 omnis
1292 1001 1447 1051 Campa
1472 1011 1474 1013 ’
1530 998 1534 1009 ’

200 1079 340 1106 omnes
360 1065 429 1116 qui
449 1066 709 1115 Campaniam
729 1064 834 1104 circa
853 1066 1039 1104 accolunt
1059 1065 1197 1116 populi
1217 1065 1457 1117 ingemuisse
1467 1060 1481 1111 κ
1528 1075 1532 1121 ᾗ

145 1153 182 1185 ¹3
200 1130 398 1171 confessio
410 1143 592 1181 expressa
603 1129 708 1169 hosti
720 1138 870 1181 quanta
882 1130 942 1170 uis
956 1130 996 1169 in
1011 1130 1206 1170 Romanis
1221 1131 1273 1170 ad
1285 1135 1484 1182 expetens·

200 1210 351 1248 poenas
377 1196 430 1236 ab
457 1195 686 1235 infidelibus
720 1195 837 1235 sociis
871 1203 911 1236 et
942 1210 1065 1248 quam
1096 1196 1196 1236 nihil
1224 1197 1266 1236 in
1296 1195 1473 1236 Hanni-2

200 1262 332 1303 auxilii
350 1264 403 1302 ad
422 1269 603 1313 receptos
621 1260 663 1300 in
682 1262 805 1300 fidem
824 1263 998 1302 tuendos
1018 1269 1134 1303 esset.
1478 1316 1482 1319 Δ

139 1341 182 1381 17
256 1327 430 1368 Romani
450 1335 580 1378 patres
598 1327 796 1378 perfuncti
815 1329 927 1378 quod
946 1329 999 1368 ad
1016 1329 1196 1379 Capuam
1211 1328 1407 1368 attinebat
1421 1341 1444 1368 c

201 1394 247 1435 C.
264 1393 414 1433 Neroni
427 1407 474 1432 ex
487 1394 533 1432 iis
549 1393 705 1432 duabus
721 1392 944 1444 legionibus
960 1407 1059 1444 quas
1074 1395 1127 1434 ad
1140 1395 1321 1446 Capuam
1336 1393 1444 1434 habu
1453 1410 1470 1428 ;

202 1473 270 1499 sex
288 1459 398 1498 milia
416 1458 597 1510 peditum
627 1466 667 1497 et
689 1466 888 1498 trecentos
908 1461 1062 1510 equites
1082 1473 1184 1511 quos
1207 1459 1293 1511 ipse
1309 1459 1452 1512 legisse

202 1524 356 1564 socium
383 1524 514 1563 Latini
540 1523 712 1571 nominis
740 1524 921 1575 peditum
947 1538 1159 1564 numerum
1185 1538 1320 1576 parem
1347 1532 1430 1565 eto
1464 1532 1477 1566 i,

166 1613 181 1635 2
201 1598 341 1641 gentos
360 1589 514 1641 equites
529 1591 762 1629 decernunt.
803 1591 908 1628 Eum
924 1590 1140 1630 exercitum
1157 1589 1333 1630 Puteolis
1348 1590 1390 1630 in
1405 1604 1458 1631 na
1468 1617 1472 1622 υ

201 1655 431 1707 impositum
453 1657 561 1694 Nero
576 1654 617 1693 in
635 1656 873 1706 Hispaniam
890 1655 1181 1707 transportauit.
1222 1656 1327 1697 Cum
1341 1657 1404 1695 Ta
1449 1674 1465 1706 ³:

202 1734 296 1760 nem
326 1720 494 1760 nauibus
523 1721 708 1768 uenisset,
740 1720 1008 1772 expositisque
1038 1721 1093 1761 ibi
1128 1720 1254 1773 copiis
1287 1729 1327 1761 et
1358 1722 1469 1777 naui*
1514 1770 1518 1783 ¹

202 1787 408 1826 subductis
422 1786 550 1825 socios
567 1799 728 1836 quoque
741 1788 901 1826 nauales
915 1786 1181 1827 multitudinis
1192 1788 1399 1839 augendae
1417 1806 1445 1822 ν.
1458 1780 1466 1789 ³

165 1868 184 1901 3
202 1858 401 1899 armasset,
432 1852 631 1902 profectus
660 1853 711 1890 ad
742 1851 942 1891 Hiberum
971 1853 1122 1892 flumen
1145 1851 1360 1892 exereitum
1385 1852 1439 1893 ab

203 1916 372 1956 Fonteio
399 1923 440 1956 et
468 1918 513 1955 L.
546 1916 701 1956 Marcio
728 1917 894 1969 accepit.
954 1919 1057 1958 Inde
1079 1918 1206 1970 pergit
1229 1919 1283 1958 ad
1305 1919 1440 1961 hostes
1455 1943 1465 1974 χ
1511 1957 1514 1966 ;

165 1998 186 2029 4
206 1982 436 2021 Hasdrubal
457 1981 696 2022 Hamilcaris
715 1984 767 2022 ad
790 1982 960 2034 Lapides
981 1986 1101 2024 Atros
1116 1991 1243 2024 castra
1262 1984 1436 2024 habebat
1456 2003 1465 2035 j

205 2046 416 2087 Ausetanis
435 2045 469 2086 is
488 2048 598 2086 locus
619 2055 678 2087 est
698 2047 798 2087 inter
822 2049 970 2099 oppida
995 2049 1191 2101 Iliturgim
1213 2057 1254 2090 et
1281 2048 1411 2090 Menti
1438 2068 1451 2083 1<

248 2156 270 2185 9
292 2149 448 2176 senatum
468 2147 486 2175 θ
510 2144 589 2176 Lov.
609 2155 639 2184 3.
659 2155 678 2185 5
699 2145 785 2177 Edd.
803 2150 878 2177 ante
892 2147 973 2178 Αἶά.
993 2147 1128 2180 Duker:
1151 2151 1293 2179 senatus
1315 2145 1420 2179 nAld
1446 2155 1462 2172 x
1508 2126 1512 2168 ν’

207 2199 260 2228 27.
279 2199 328 2228 17.
344 2198 358 2219 1
370 2187 450 2220 adn.
593 2198 632 2228 13
655 2189 776 2220 auxilii
795 2189 1064 2223 C²M¹B⁹⁵DA02
1087 2190 1214 2223 auxilia
1231 2204 1259 2224 π
1277 2190 1399 2230 (littera
1414 2191 1460 2223 23*

202 2232 340 2273 plicata)
408 2236 500 2263 esset
516 2230 584 2262 A⁷o
602 2230 675 2270 (sed
686 2233 804 2265 hiduo
819 2238 894 2265 ante
908 2235 966 2274 ad)
984 2234 1049 2268 ald.
1064 2244 1074 2266 t
1097 2244 1174 2266 esse
1192 2234 1218 2267 Π
1237 2234 1312 2275 (sed
1323 2238 1400 2266 ante
1422 2250 1426 2253 ’

252 2282 291 2316 17
316 2285 329 2305 1
356 2280 471 2315 patres
489 2275 514 2306 Π
536 2274 661 2307 Gron.:
685 2282 861 2315 praetores
877 2277 969 2309 A70:
994 2279 1217 2319 proconsules
1233 2277 1300 2311 ald.
1443 2280 1453 2301 ·’
1506 2292 1508 2294 ’

207 2320 275 2351 vro:
298 2319 347 2359 qd·
362 2317 407 2349 C:
432 2329 498 2350 om.
516 2318 574 2351 M:
592 2330 656 2359 qua
670 2318 851 2352 Sabellicus
960 2321 997 2354 C.
1020 2323 1059 2361 Π,
1078 2323 1115 2363 ‹ss
1133 2332 1158 2354 c.
1177 2331 1207 2362 5.
1227 2322 1267 2355 8:
1290 2321 1450 2354 claudio*
1504 2324 1507 2362 ,’

209 2361 367 2393 clau.K:
391 2361 507 2401 cum]
685 2374 705 2402 3
730 2364 826 2403 L.J2
843 2365 877 2395 in
895 2375 1003 2407 marg.
1022 2365 1192 2407 K,cf.25.
1209 2374 1322 2406 37.1:
1343 2375 1408 2397 om.
1437 2364 1457 2379 ²
1504 2363 1506 2366 ⁴

273 2415 294 2445 4
316 2405 502 2438 Ausetanis
521 2405 592 2439 UO:
615 2406 775 2440 Oretanis
793 2407 991 2450 Glareanus,
1006 2409 1088 2450 bene,
1107 2409 1166 2442 sed
1178 2408 1264 2441 nihil
1277 2419 1338 2442 mu
1358 2424 1366 2434 ι
1434 2413 1447 2429 s
