1546 2756
159 161 298 199 XXVI
320 159 372 198 28
394 175 410 196 2
754 158 872 196 TITI
903 157 1020 196 LIVI

225 268 334 319 regni
352 268 492 316 abisse,
515 267 793 319 legionemque
811 266 905 306 inde
926 267 1071 306 deduci
1098 278 1216 317 posse
1228 279 1240 315 3
1268 266 1436 307 classem

187 341 204 373 3
225 347 312 373 esse
332 335 383 373 ad
402 334 619 373 arcendum
641 332 755 372 Italia
775 346 918 383 regern.
1043 333 1160 371 Haec
1179 332 1231 371 de
1250 344 1293 371 se
1311 332 1444 383 deque
1472 342 1498 383 vj

224 398 367 447 uincia,
390 399 454 438 cui
473 401 704 450 praefuerat,
719 400 882 437 consul:
912 404 997 436 tum
1018 398 1069 437 de
1089 395 1305 448 prouinciis
1323 409 1458 437 comm

222 464 362 505 relatio
400 465 485 504 fuit.
544 466 767 503 Decreuere
801 470 930 514 patres
965 470 1008 502 ut
1045 462 1158 502 alteri
1194 463 1407 502 consulum
1434 464 1454 503 I

223 529 454 580 bellumque
475 543 566 569 cum
587 529 819 568 Hannibale
838 527 1043 579 prouincia
1063 535 1177 576 esset,
1194 529 1291 567 alter
1302 529 1471 569 classem

221 596 271 636 T.
310 595 503 636 Otacilius
541 594 771 646 praefuisset
809 593 1064 644 Siciliamque
1094 593 1342 645 prouinciam
1374 606 1470 634 cum
1488 598 1495 613 '²

184 673 204 704 4
223 659 367 701 Cincio
387 667 566 711 praetore
587 660 794 698 obtineret.
855 661 1060 699 Exercitus
1081 659 1137 698 eis
1157 660 1240 698 duo
1259 658 1408 700 decreti
1427 673 1456 712 q
1480 671 1482 674 ’
1543 710 1545 714 ¹

225 725 382 765 Etruria
419 726 628 776 Galliaque
666 732 824 774 essent;
861 738 932 764 eae
970 732 1159 776 quattuor
1196 731 1308 764 erant
1344 724 1450 777 legio
1541 715 1544 737 ³

225 791 402 831 urbanae
421 793 524 831 duae
543 790 754 842 superioris
773 790 868 830 anni
888 792 930 830 in
952 791 1162 839 Etruriam,
1175 791 1280 830 duae
1299 789 1447 842 quibus
1474 797 1489 847 ζ

185 868 203 900 5
222 856 348 907 picius
369 858 510 896 consul
530 856 763 907 praefuisset
783 858 824 895 in
846 856 1017 896 Galliam
1034 856 1294 896 mitterentur.
1341 855 1420 897 Gal
1436 855 1447 867 ’

222 922 444 973 legionibus
459 929 658 974 praeesset
671 935 792 973 quem
807 924 947 962 consul
960 921 1072 961 cuius
1094 921 1209 961 Italia
1222 920 1429 972 prouincia
1454 933 1490 957 a:

184 991 204 1024 6
223 987 473 1038 praefecisset
489 1005 497 1028 ε
517 988 559 1026 in
575 989 773 1027 Etruriam
787 989 832 1028 C.
848 986 1088 1038 Calpurnius
1107 994 1199 1039 post
1222 993 1446 1039 praeturam
1474 1007 1483 1037 2

221 1060 360 1104 rogato
380 1053 421 1091 in
441 1066 591 1092 annum
611 1052 778 1104 imperio
799 1052 953 1091 missus.
1000 1055 1052 1092 Et
1068 1054 1119 1103 Q.
1137 1051 1283 1092 Fuluio
1302 1052 1444 1105 Capua
1475 1075 1480 1099 χ
1534 1044 1537 1055 .-

184 1127 204 1166 7
222 1118 353 1157 uincia
366 1119 524 1158 decreta
536 1126 872 1170 prorogatumque
885 1118 926 1156 in
939 1131 1089 1157 annum
1105 1117 1317 1169 imperium
1331 1133 1343 1167 3
1357 1131 1429 1159 exe
1475 1114 1480 1117 ’

221 1183 370 1223 ciuium
397 1183 677 1235 sociorumque
703 1183 829 1222 minui
856 1183 984 1222 iussus
1004 1190 1047 1222 ut
1073 1196 1121 1222 ex
1146 1183 1304 1223 duabus
1327 1182 1432 1236 legio
1531 1178 1533 1185 ¹

223 1262 303 1288 una
322 1249 436 1300 legio,
459 1252 637 1301 quinque
657 1249 764 1288 milia
786 1249 966 1299 peditum
987 1256 1026 1288 et
1045 1250 1211 1288 trecenti
1230 1248 1387 1300 equites
1405 1263 1428 1290 e
1454 1262 1473 1285 ε·
1530 1240 1533 1246 ’

184 1323 202 1354 8
222 1313 395 1354 dimissis
415 1315 485 1367 qui
505 1315 673 1367 plurima
693 1313 892 1365 stipendia
905 1314 1110 1363 haberent,
1125 1321 1165 1354 et
1184 1313 1385 1355 sociorum
1398 1329 1470 1356 se·-
1528 1307 1529 1313 ¹

221 1380 331 1420 milia
367 1382 548 1432 peditum
586 1388 626 1420 et
662 1380 828 1420 trecenti
866 1379 1020 1431 equites
1051 1379 1378 1432 relinquerentur,
1408 1394 1444 1421 e
1472 1423 1477 1426 ‚

222 1446 373 1486 ratione
393 1446 682 1498 stipendiorum
703 1446 840 1485 habita
858 1445 900 1484 in
919 1446 1120 1486 ueteribus
1141 1445 1334 1486 militibus
1352 1446 1452 1486 dimi
1462 1443 1473 1496 ’

183 1523 203 1555 9
222 1513 295 1551 dis.
352 1513 426 1553 Cn.
447 1514 592 1551 Fuluio
622 1511 777 1551 consuli
803 1511 1012 1563 superioris
1041 1511 1136 1551 anni
1166 1525 1243 1552 nec
1265 1513 1317 1552 de
1344 1511 1458 1564 proui
1524 1507 1526 1509 ’

222 1578 369 1628 Apulia
389 1591 462 1617 nec
483 1579 534 1617 de
554 1576 726 1617 exercitu
747 1590 868 1627 quem
889 1578 1081 1617 habuerat
1093 1578 1309 1629 quicquam
1329 1584 1439 1618 muta
1460 1620 1473 1625 ⁵

221 1649 377 1683 tantum
398 1643 439 1682 in
469 1657 619 1682 annum
648 1649 903 1694 prorogatum
930 1642 1140 1693 imperium
1167 1651 1240 1683 est.
1288 1645 1330 1682 P.
1353 1641 1463 1683 Sul-⁸

222 1710 375 1761 collega
395 1708 479 1748 eius
499 1722 661 1748 omnem
681 1707 897 1748 exercitum
917 1716 1071 1759 praeter
1090 1708 1220 1748 socios
1239 1709 1400 1748 nauales
1419 1708 1434 1749 i
1459 1748 1461 1751 Α
1520 1699 1522 1706 i

167 1789 206 1813 10
224 1773 422 1813 dimittere
442 1781 512 1813 est.
572 1775 676 1813 Item
702 1787 750 1813 ex
779 1773 912 1813 Sicilia
941 1773 1134 1814 exercitus
1159 1773 1224 1814 cui
1252 1776 1311 1813 M.
1339 1774 1403 1815 Co
1461 1804 1464 1806 -

223 1846 422 1892 praeesset
441 1839 509 1878 ubi
530 1841 668 1878 consul
695 1838 736 1878 in
761 1838 1008 1890 prouinciam
1033 1839 1208 1879 uenisset
1233 1837 1379 1879 dimitti
1407 1838 1421 1879 i
1515 1834 1518 1836 ’

166 1915 203 1940 11
225 1906 271 1944 L.
292 1903 436 1947 Cincio
456 1904 624 1955 praetori
650 1906 702 1943 ad
722 1904 985 1944 obtinendam
1001 1904 1175 1945 Siciliam
1195 1905 1428 1945 Cannenses
1446 1898 1465 1954 J
1516 1892 1517 1901 ἵ

166 1981 205 2004 12
224 1978 284 2010 tes
315 1970 411 2019 dati,
445 1971 612 2009 duarum
650 1971 773 2009 instar
798 1970 1014 2021 legionum.
1071 1970 1263 2011 Totidem
1299 1969 1431 2023 legion
1440 1961 1464 2027 2⁴

224 2035 445 2076 Sardiniam
473 2037 516 2074 P.
549 2035 704 2074 Manlio
730 2035 899 2075 Volsoni
922 2037 1092 2088 praetori
1115 2037 1309 2085 decretae,
1330 2033 1458 2088 quib

269 2143 289 2172 3
314 2133 375 2163 fuit
394 2132 489 2164 l'lcrld.
506 2143 514 2163 :
540 2133 648 2164 suerat
665 2135 682 2163 θ
813 2144 832 2172 4
857 2134 912 2174 qui
929 2134 965 2165 in
986 2133 1240 2167 CM2fflA0ald.
1257 2145 1266 2166 ε
1293 2134 1374 2175 quin
1389 2146 1419 2167 π
1443 2142 1450 2149 ‘
1510 2129 1514 2144 '

225 2187 286 2208 eae
307 2176 426 2207 M2a1d.
445 2187 453 2207 :
479 2187 519 2207 ee
535 2176 568 2206 A
586 2188 593 2208 :
619 2187 659 2208 ea
675 2188 724 2208 πε
747 2177 813 2208 hee
825 2177 870 2216 J:
898 2179 941 2209 he
958 2177 995 2209 K
1144 2181 1166 2210 6
1190 2182 1375 2219 prorogato
1392 2176 1437 2210 C*
1508 2213 1511 2225 Ι

224 2220 290 2251 ald.
309 2232 316 2251 :
341 2224 459 2260 rogato
479 2221 526 2252 Πθ
680 2221 701 2251 8
725 2226 758 2251 et
775 2231 832 2252 ccc
849 2223 982 2261 equites
1001 2221 1156 2263 <relinq-)
1177 2223 1247 2255 l'lOz
1270 2227 1306 2255 et
1322 2231 1398 2254 cccc
1422 2241 1429 2247 ‹
1445 2227 1454 2243 -“
1507 2255 1511 2264 y

228 2262 412 2302 Weissenb„
421 2265 503 2305 sort.
523 2266 602 2295 recte
783 2266 913 2296 ratione
930 2265 1060 2308 P1<qui
1069 2271 1134 2307 per>
1136 2270 1302 2307 punctum
1318 2269 1348 2298 et
1362 2275 1397 2296 -e
1418 2260 1445 2290 ν)

225 2307 459 2339 CM¹BDA02
483 2310 631 2340 rationes
644 2307 753 2339 PRM
880 2309 994 2341 habita
1013 2310 1109 2343 l'lald.
1126 2322 1134 2342 :
1157 2310 1268 2342 initae
1402 2317 1425 2340 t⁴
1444 2326 1446 2333 v

226 2352 276 2382 cio
294 2351 371 2391 ald„
390 2352 428 2391 ff
446 2361 498 2391 27.
518 2362 547 2391 5.
569 2362 582 2382 1
600 2363 607 2382 ε
632 2351 781 2392 quinctio
800 2352 868 2394 (uel
880 2353 1027 2396 quintio)
1048 2354 1096 2387 Πθ
1260 2351 1408 2394 praetori
1432 2345 1453 2387 ⁹,

226 2393 376 2428 M⁷ald.:
399 2405 451 2436 pr.
469 2395 548 2426 PC:
573 2406 635 2435 per
649 2395 774 2428 RBD:
797 2406 819 2435 p
836 2396 894 2428 M:
919 2397 1058 2430 om.AO
1206 2405 1245 2428 12
1267 2397 1408 2430 Volsoni
1427 2396 1443 2401 ”

226 2449 326 2471 mus:
350 2439 482 2471 uulsoni
502 2438 629 2479 noald„
648 2440 686 2480 cf.
703 2450 728 2471 c.
747 2450 801 2479 23.
818 2449 831 2470 1
848 2439 925 2472 adn.
