1546 2756
693 176 1017 218 PRAEFATIO

195 606 284 633 mate
300 599 470 631 indicaui.²
1491 619 1494 630 2
1541 590 1545 643 J

250 678 268 727 ξ
289 692 350 728 93.
385 679 448 716 De
481 678 677 717 Codicibus
695 677 851 727 partim
878 677 927 714 ab
954 676 984 718 Σ
1001 674 1156 725 partim
1178 673 1229 712 ab
1255 673 1300 712 P
1315 672 1490 711 deriuat
1540 644 1544 732 i

199 743 261 781 De
292 741 497 781 codicibus
533 741 816 781 recentioribus
848 739 1046 791 quidquid
1080 738 1181 779 scire
1212 736 1405 778 conducit
1437 738 1475 776 ia
1486 757 1495 794 Ἴ
1539 733 1543 784 f

195 806 481 846 demonstrauit
519 807 743 846 Luchsius.³
799 808 938 846 Restat
975 812 1130 845 tantum
1166 810 1210 844 ut
1240 804 1320 843 hoe
1355 802 1462 842 adda
1472 799 1495 837 ιἸ
1538 819 1541 853 j

195 869 317 921 Stirps
347 869 412 909 illa
441 869 605 909 Puteani
634 871 742 909 unde
770 869 811 908 hi
845 868 1006 908 codices
1039 867 1183 919 partim
1219 863 1390 906 deriuati
1425 878 1472 905 su
1494 920 1496 922 v
1538 865 1540 871 ⁴

196 937 335 974 eadem
357 942 414 974 est
439 943 559 986 atque
585 935 668 985 ipse
691 936 927 986 archetypus
956 934 1142 974 codicum
1161 933 1201 972 A
1222 938 1264 972 et
1281 933 1338 972 N
1347 927 1422 984 (rb)
1435 945 1449 982 ;
1536 984 1538 999 Ι

196 1002 305 1052 quod
324 1000 389 1039 uix
409 1000 448 1039 in
469 1000 636 1041 dubium
657 1000 820 1039 uocabis
840 1001 872 1039 si
892 1002 1130 1051 glossemata
1150 998 1278 1051 (uelut
1296 1011 1370 1050 e.g.
1390 996 1435 1039 in
1453 1010 1476 1038 2

196 1068 230 1105 8.
257 1065 295 1117 2)
316 1074 354 1105 et
374 1066 413 1104 in
435 1067 508 1105 hos
529 1073 567 1105 et
587 1066 627 1104 in
647 1066 734 1104 illos
754 1074 910 1117 recepta
930 1064 1144 1116 respexeris
1163 1063 1231 1118 (cf.
1247 1064 1268 1115 ξ
1284 1066 1334 1114 87
1356 1062 1408 1116 Β).
1535 1052 1537 1067 ¹

250 1132 285 1170 E
314 1131 519 1171 codicibus
549 1145 643 1170 uero
676 1131 751 1170 illis
783 1133 850 1182 qui
882 1145 1022 1170 omnes
1051 1131 1102 1170 ab
1131 1131 1350 1182 archetypo
1379 1133 1413 1169 Θ
1436 1128 1491 1182 (i
1534 1122 1535 1126 ¹

198 1196 357 1235 Luchsii
379 1196 470 1249 ‘R’)
490 1198 678 1248 pendent,
701 1198 801 1236 duos
823 1204 976 1235 tantum
1003 1210 1073 1247 per
1093 1203 1219 1236 totam
1239 1196 1346 1236 hanc
1362 1202 1482 1251 part(

159 1256 161 1258 ’
196 1262 332 1301 tertiae
371 1262 544 1302 Decadis
578 1263 711 1302 denuo
749 1263 1008 1313 perlegendos
1044 1276 1130 1302 esse
1167 1275 1242 1302 nos
1274 1260 1457 1302 censuim
1480 1266 1482 1269 ’

196 1326 367 1367 Codices
381 1327 536 1379 enims
547 1328 692 1380 (Lond.
713 1330 870 1378 Burney
888 1327 980 1379 198)
997 1335 1036 1367 et
1050 1330 1102 1367 K
1110 1328 1242 1380 (Harl.
1263 1325 1397 1381 2781),
1413 1340 1484 1379 qu
1531 1320 1532 1323 Ἰ

194 1391 310 1431 huius
323 1392 506 1431 editionis
519 1406 638 1431 causa
645 1393 943 1443 diligentissime
957 1395 1124 1433 contulit
1137 1395 1322 1434 ClaraM.
1331 1391 1485 1445 Knigh

194 1457 286 1496 satis
306 1458 505 1509 archetypi
525 1458 715 1497 lectiones
735 1466 1042 1509 repraesentant.
1085 1460 1274 1500 Ceterum
1293 1458 1336 1498 in
1355 1458 1412 1499 eis
1441 1476 1452 1494 ·
1466 1477 1471 1492 =

193 1522 298 1561 tibus
319 1523 527 1562 Librorum
553 1525 692 1562 XXVI
719 1531 758 1563 et
786 1526 948 1563 XXVII
976 1524 1045 1563 ubi
1065 1526 1110 1563 P
1122 1524 1259 1564 deficit
1278 1523 1398 1564 etiam
1417 1523 1454 1564 ei
1472 1574 1479 1582 H
1527 1528 1529 1530 ’

193 1588 285 1627 dem
306 1587 434 1639 stirpis
454 1595 530 1627 tres
550 1588 648 1627 alios
670 1589 729 1641 (X
740 1590 778 1627 Y
782 1591 825 1638 Z,
847 1589 940 1629 uide
962 1590 1088 1642 Szgla)
1110 1590 1288 1639 citamus,
1312 1589 1396 1629 siue
1415 1586 1486 1629 ibi

194 1653 382 1692 Conwaio
398 1654 481 1692 siue
496 1653 547 1692 ab
560 1653 694 1704 aliquo
715 1654 799 1693 eius
821 1656 1047 1694 adiutorum
1069 1655 1238 1707 inspecti
1258 1661 1362 1695 sunt.
1405 1656 1443 1694 T
1456 1649 1485 1678 7

205 1719 286 1756 Vat.
301 1719 389 1757 Pal.
409 1720 484 1768 879
507 1717 602 1771 (W)
622 1719 673 1758 ab
695 1719 870 1758 Luchsio
889 1734 972 1760 non
992 1721 1217 1760 adhibitum
1239 1721 1280 1760 in
1300 1727 1360 1760 sat
1379 1721 1462 1760 mul
1523 1715 1526 1727 ³

193 1782 289 1821 locis
313 1797 383 1833 pro
409 1783 525 1822 nobis
545 1783 637 1834 legit
658 1786 748 1823 Nan
770 1785 945 1837 Holley.⁵
1003 1786 1085 1825 Hic
1106 1788 1236 1826 codex
1255 1799 1339 1825 non
1357 1798 1407 1825 ex
1425 1784 1476 1837 ip

193 1851 224 1885 Θ
243 1849 314 1887 sed
334 1861 382 1886 ex
399 1848 477 1887 alio
498 1850 531 1887 ei
553 1857 722 1899 cognato
742 1850 901 1890 uidetur
922 1853 1139 1903 exscriptus
1161 1865 1261 1892 esse.
1519 1868 1523 1902 ¹,

246 1912 417 1952 Codices
448 1915 486 1952 V
497 1921 534 1952 et
553 1916 598 1953 F
608 1914 716 1967 (uide
738 1915 863 1966 Segla)
883 1917 1067 1956 nonnihil
1099 1917 1151 1957 ab
1171 1921 1204 1956 Θ
1231 1915 1381 1958 distant
1406 1923 1447 1956 et
1519 1958 1521 1961 f

191 1977 428 2017 lectionibus
465 1992 562 2029 quas
595 1981 786 2031 praebent
817 1989 856 2021 et
894 1984 1005 2034 quod
1042 1985 1227 2022 lacunam
1265 1982 1435 2022 Puteani
1464 1982 1468 1987 ’

191 2043 312 2083 Libro
332 2045 469 2084 XXVI
490 2058 572 2084 non
592 2059 683 2085 cum
705 2051 737 2085 Θ
749 2048 805 2086 W
815 2050 1011 2099 supplent,
1037 2049 1108 2088 sed
1128 2047 1227 2087 nihil
1246 2046 1302 2087 ibi
1320 2060 1436 2100 prae
1452 2037 1475 2080 ’ῥ’

190 2107 265 2146 nisi
285 2108 416 2160 spuria
435 2109 501 2149 illa
521 2110 631 2163 (uide
651 2111 750 2163 §89)
771 2115 1051 2164 supplemento
1071 2113 1327 2164 Spirensiano
1352 2111 1394 2152 in
1420 2107 1467 2152 &⁵
1516 2106 1518 2109 ¹

234 2197 246 2217 ¹
269 2197 369 2230 Tales
386 2198 537 2231 codicum
554 2202 571 2230 θ
588 2201 793 2233 uariationes
809 2203 1009 2243 saepissime
1030 2203 1065 2234 in
1087 2202 1363 2235 adnotationibus
1383 2210 1473 2233 ῐιοςἸ
1515 2192 1517 2202 ⁵

191 2259 333 2281 necesse
349 2255 422 2282 erat
442 2253 724 2290 praetermittere.

233 2300 246 2321 2
271 2301 309 2332 In
327 2304 570 2335 commentario
588 2310 707 2336 nostro
724 2310 816 2336 stant
839 2305 925 2345 sigla
942 2306 993 2336 A⁷
1015 2311 1050 2337 et
1066 2305 1117 2337 A⁸
1132 2310 1214 2338 ante
1229 2305 1318 2346 sigla
1333 2305 1383 2336 Ν8
1402 2309 1438 2336 et
1462 2327 1464 2329 v
1513 2287 1516 2299 ξ

191 2353 268 2384 Hoc
286 2353 361 2385 ideo
376 2354 501 2387 factum
518 2361 571 2387 est
587 2357 675 2396 quod
691 2357 725 2386 A
743 2357 816 2397 ipse
833 2358 1005 2398 aliquanto
1022 2358 1194 2398 antiquior
1208 2367 1309 2398 quam
1324 2357 1364 2390 N
1375 2357 1432 2389 uid
1441 2347 1464 2383 «s

189 2404 305 2436 fuisse.
939 2410 952 2429 ³
978 2410 1044 2449 Op.
1064 2411 1120 2441 cit.

232 2457 245 2477 ⁴
267 2457 356 2488 Vide
374 2457 481 2492 Praef.
499 2459 593 2492 Tom.
611 2460 657 2500 iii,
677 2471 709 2500 p.
729 2460 788 2492 xii.
942 2461 956 2481 ⁵
978 2462 1065 2494 Vide
1081 2461 1192 2494 Praef.
1209 2461 1305 2496 Tem.
1321 2461 1368 2502 iii,
1384 2471 1420 2503 p.
1464 2441 1465 2444 ¹
1511 2493 1513 2496 .

787 2529 903 2554 xxvul
