1546 2756
401 160 473 198 AB
501 159 656 198 VRBE
682 157 946 199 CONDITA
1123 158 1265 198 XXVI
1286 167 1332 196 12
1352 162 1371 194 8

115 269 307 307 honorem
339 267 559 316 adiecisset,
593 269 664 307 sed
701 267 936 319 indignitate
973 282 1045 307 sua
1077 268 1158 307 uim
1193 282 1241 308 ac
1274 269 1333 308 ius

135 332 251 372 tratui
288 346 408 383 quem
445 333 607 384 gerebat
638 332 886 383 dempsisset.
962 335 1049 372 Iam
1083 347 1135 373 ne
1173 333 1214 372 in
1248 335 1333 373 foro
1353 351 1371 382 9

63 393 175 454 ''dem
205 404 272 437 aut
298 398 462 449 publico
483 400 572 438 loco
598 398 821 450 principum
849 399 1062 450 quisquam
1094 398 1310 450 apparebat
1322 413 1335 447 ς

24 450 197 527 [''·‚·1·1bus
226 462 368 502 inclusi
398 463 546 515 patriae
578 477 765 503 occasum
795 477 888 503 cum
913 478 986 504 suo
1018 463 1137 504 exitio
1169 464 1212 503 in
1248 463 1334 504 dies

25 582 228 651 {flamma
240 607 356 633 curae
373 593 501 633 omnis
523 596 564 634 in
584 596 790 634 Bostarem
807 597 1146 646 Hannonemque,
1164 596 1335 646 praefec-
1358 607 1395 630 ιο

70 679 81 700 s
98 658 281 709 praesidii
309 658 459 707 Punici,
482 673 597 699 uersa
622 668 714 709 erat,
737 674 810 700 suo
836 675 918 701 non
939 662 1138 701 sociorum
1157 660 1334 712 periculo

269 723 305 763 Ii
323 724 557 775 conscriptis
574 726 627 765 ad
648 726 922 765 Hannibalem
941 726 1079 766 litteris
1102 739 1184 765 non
1211 726 1334 765 libere
1357 737 1391 759 11

30 829 49 844 ,Ι
88 806 98 823 ι
109 801 145 838 o,
167 789 239 828 sed
257 788 376 828 etiam
392 803 540 840 aspere,
555 791 700 840 quibus
714 805 795 830 non
813 793 994 843 Capuam
1010 793 1136 830 solam
1150 790 1334 830 traditam

30 846 47 863 ¹
59 861 234 908 anum
255 855 450 904 hostibus,
473 856 545 895 sed
564 869 607 895 se
626 869 788 907 quoque
804 864 843 896 et
863 856 1103 908 praesidium
1128 856 1169 895 in
1194 870 1334 896 omnes

106 919 205 959 'atus
224 921 403 971 proditos
422 919 680 960 incusabant:
710 921 840 961 abisse
860 935 953 961 eum
973 921 1014 960 in
1036 923 1209 961 Bruttios
1224 923 1334 961 uelut
1357 931 1392 953 12

32 986 58 1046 {ss
68 979 90 1019 ³³0
122 993 255 1024 entem
267 999 355 1025 sese
366 999 417 1025 ne
431 986 570 1036 Capua
581 985 622 1024 in
638 987 763 1025 oculis
777 986 861 1026 eius
874 994 1088 1037 caperetur.
1124 994 1164 1026 at
1176 987 1335 1026 hercule

35 1044 218 1105 'suanos
233 1064 285 1090 ne
303 1051 601 1102 oppugnatione
620 1050 784 1102 quidem
804 1051 912 1090 urbis
933 1052 1142 1091 Romanae
1161 1051 1335 1090 abstrahi

68 1123 194 1167 'ppua
211 1116 435 1156 obsidenda
452 1117 654 1168 potuisse;
682 1125 793 1156 tanto
806 1118 1113 1156 constantiorem
1130 1116 1335 1156 inimicum
1357 1129 1394 1159 13

35 1169 97 1232 ἶ’ ἰ
121 1195 242 1220 anum
261 1195 383 1233 quarn
401 1183 576 1221 amicum
597 1183 778 1221 Poenum
798 1195 894 1221 esse.
953 1183 986 1221 si
1007 1183 1141 1222 redeat
1155 1183 1335 1232 Capuam

37 1290 40 1304 τ
72 1259 241 1297 umque
277 1261 399 1286 omne
430 1261 481 1287 eo
510 1255 648 1295 uertat,
676 1255 716 1287 et
753 1261 796 1287 se
836 1255 875 1287 et
910 1248 1138 1298 Campanos
1179 1254 1335 1298 paratos

36 1302 208 1368 s'³',·t1‹>ru
227 1313 322 1352 fore.
379 1326 463 1352 non
482 1326 576 1352 cum
597 1312 761 1363 Reginis
782 1326 914 1363 neque
934 1311 1160 1351 Tarentinis
1186 1312 1334 1351 bellum
1358 1321 1394 1351 14

75 1368 100 1409 ἰ
125 1391 188 1417 ros
202 1377 387 1417 transisse
403 1379 551 1428 Alpes:
581 1377 651 1417 ubi
671 1379 880 1417 Romanae
900 1378 1075 1428 legiones
1099 1376 1187 1425 sint,
1216 1376 1271 1416 ibi
1297 1383 1337 1417 et

48 1496 50 1498 Ι
89 1439 610 1494 haginiensium’exercitus
629 1443 776 1482 debere
802 1456 901 1482 esse.
938 1444 995 1481 sic
1013 1443 1066 1481 ad
1086 1443 1257 1490 Cannas,
1280 1440 1337 1482 sic

43 1511 45 1562 j
117 1509 400 1547 rasumennum
414 1522 495 1547 rem
513 1508 617 1547 bene
627 1516 791 1559 gestam,
809 1508 995 1547 coeundo
1008 1508 1337 1557 conferundoque

81 1592 96 1607 -
125 1573 240 1612 hoste
259 1581 395 1620 castra,
418 1574 617 1612 fortunam
643 1574 891 1624 temptando.
987 1573 1037 1612 In
1057 1574 1160 1611 hanc
1180 1579 1336 1612 senten·
1357 1582 1393 1613 Ῑ5

41 1620 70 1687 ἓξ,
94 1656 99 1669 ι
131 1636 283 1678 litterae
303 1639 552 1689 conscriptae
579 1637 779 1686 Numidis,
806 1637 1010 1688 proposita
1036 1638 1219 1676 mercede
1246 1649 1334 1676 eam

80 1700 198 1749 fsis
227 1716 400 1754 operam,
432 1705 587 1743 dantur.
636 1702 671 1742 Ii
700 1702 833 1754 specie
856 1704 1143 1753 transfugarum
1167 1715 1259 1741 curn
1284 1702 1337 1741 ad

56 1762 65 1812 J
86 1785 89 1787 ’
134 1781 202 1808 um
225 1767 266 1808 in
289 1776 416 1808 castra
435 1769 639 1808 uenissent
657 1775 702 1807 ut
720 1769 815 1807 inde
835 1775 1014 1819 tempore
1034 1774 1151 1818 capto
1168 1766 1334 1815 abirent,

87 1843 218 1874 *mue
236 1847 338 1885 quae
362 1842 443 1874 tam
469 1834 540 1874 diu
569 1835 731 1885 Capuae
761 1841 843 1873 erat
870 1834 966 1872 nulli
987 1846 1068 1872 non
1088 1831 1335 1884 probabilem

122 1943 252 1966 summa
269 1944 370 1966 curae
385 1933 532 1965 Aeald.:
557 1944 707 1965 summae
729 1944 830 1964 curae
855 1932 925 1970 (uel
945 1943 1012 1964 ·me
1037 1931 1103 1973 -re)
1127 1943 1177 1965 πε
1206 1942 1336 1963 summa

73 1979 82 1985 ”
105 1975 215 2010 'Um
233 1978 308 2017 (uix
321 1978 396 2019 Ml)
486 1978 679 2018 praefectos
690 1976 874 2007 M²BDAO
890 1988 897 2008 :
921 1977 1094 2016 praefecto
1109 1988 1149 2015 π,
1165 1976 1203 2016 cf.
1222 1978 1238 2014 ξ
1255 1977 1294 2006 16
1308 1979 1339 2007 et

4 2030 6 2038 ’
49 2014 100 2059 '‘ſs‘·
124 2041 135 2054 ο
150 2031 189 2053 12
204 2021 283 2052 adn.
442 2032 476 2052 11
503 2021 626 2061 quibus
644 2021 713 2052 no:
738 2021 838 2051 delere
855 2019 963 2050 uoluit
977 2019 1131 2060 Doering,
1151 2019 1208 2050 sed
1220 2029 1336 2050 anaco-

51 2060 111 2107 ‘Jſj‘
138 2065 238 2104 facile
242 2064 335 2106 ferri
339 2068 447 2106 potest
467 2066 517 2106 (in
536 2068 606 2104 §15
627 2063 878 2104 exspectandum
903 2066 974 2094 erat
997 2063 1161 2094 Numidas
1184 2072 1260 2094 cum
1284 2062 1338 2094 his

51 2125 73 2149 ,χ
92 2103 122 2150 ξ
140 2109 281 2147 ¹·il:tunt’)
371 2109 477 2140 solam
499 2109 525 2141 Π
547 2108 657 2139 Luchs
670 2108 773 2148 1889:
796 2108 905 2139 solum
923 2107 1011 2139 eald.
1029 2106 1140 2138 Luchs
1154 2107 1238 2146 1879

55 2153 173 2194 Ι’,ψῇιιιε
190 2151 355 2184 l'lAldus:
378 2152 527 2183 hostium
543 2151 612 2182 A⁷0
627 2151 713 2183 Edd.
731 2156 807 2182 ante
822 2150 902 2182 Ald.
1035 2161 1074 2181 se
1089 2160 1221 2190 quoque
1239 2154 1272 2181 et
1287 2147 1338 2180 Α7

97 2198 126 2228 ·‘':
147 2204 191 2227 ne
205 2205 338 2236 quoque
352 2207 402 2228 πε
425 2206 526 2227 omne
543 2205 676 2235 quoque
691 2195 738 2226 C:
763 2195 836 2225 eius
855 2204 989 2234 quoque
1005 2193 1063 2224 Μ2
1198 2203 1237 2224 12
1259 2202 1337 2224 sese

109 2242 121 2261 ‘⁴
171 2249 180 2270 z
201 2248 239 2270 se
254 2239 310 2270 Ao
325 2238 413 2270 Edd.
431 2243 508 2270 aule
522 2238 604 2268 Ald.
754 2248 792 2275 14
817 2238 989 2268 exercitus
1008 2236 1125 2269 nald.:
1152 2237 1337 2268 exercitum

158 2285 242 2322 recte,
259 2282 296 2322 ‘f
314 2293 365 2321 27.
384 2293 432 2322 17.
451 2292 464 2313 1
612 2290 650 2320 15
674 2292 747 2312 eam
766 2280 888 2320 Duker,
908 2281 948 2321 cf.
965 2291 1040 2311 cum
1059 2280 1163 2311 Gron.
1178 2290 1205 2311 1.
1223 2290 1277 2320 39.
1295 2290 1337 2312 2:

138 2333 143 2348 ι’
226 2330 323 2365 capto
341 2326 367 2358 Π
386 2325 458 2357 dett.
477 2325 620 2365 plerique
637 2323 736 2355 Gran.
753 2335 761 2356 ι
785 2328 918 2364 captato
933 2323 1039 2356 oald.:
1064 2334 1204 2363 capuam
1220 2323 1301 2355 Lov.
1320 2332 1334 2354 1

85 2384 99 2406 ’ἢ
114 2363 256 2412 esque
277 2379 364 2408 quae
388 2367 550 2399 M¹B²Ae
578 2368 648 2407 (uel
673 2369 827 2408 -q'que):
855 2367 962 2398 sames
988 2378 1142 2407 quaeque
1167 2367 1237 2409 (uel
1258 2376 1338 2407 que-

59 2424 62 2431 ’
92 2419 108 2434 ¹¹
295 2417 362 2443 tam
381 2413 436 2443 diu
457 2410 571 2443 noald.
589 2422 597 2443 t
622 2411 685 2442 iam
704 2411 759 2441 diu
776 2409 951 2451 Sigonius,
969 2410 1063 2441 haud
1078 2420 1194 2441 necess.
