1546 2756
415 167 489 206 AB
518 167 670 205 VRBE
699 164 962 206 CONDITA
1080 167 1267 207 XXVIII
1292 178 1347 217 24
1369 184 1404 207 12

15 322 17 326 ,
50 284 51 287 ’
80 277 194 319 bare
219 276 403 318 tribunos
429 290 478 317 ea
505 289 610 328 quae
636 276 777 316 fierent
807 283 850 316 et
875 277 1011 316 conari
1039 275 1201 316 obuiam
1230 278 1286 317 ire
1306 285 1347 318 et

62 351 66 395 j
80 343 229 395 palam
247 342 424 382 abnuere
441 342 582 382 furoris
603 353 740 381 eorum
755 353 799 381 se
812 341 966 380 futuros
981 339 1111 380 socios
1126 349 1344 382 senserunt.

16 418 18 442 1
55 403 62 442 ’τ
86 406 186 463 gatis
204 406 340 458 itaque
358 421 407 447 ex
429 405 632 458 principiis
655 419 704 446 ac
728 413 819 458 post
842 407 962 457 paulo
981 418 1006 446 e
1022 405 1159 445 castris
1178 405 1347 446 tribunis
1368 422 1408 456 13

54 471 68 521 ’ἶ
94 471 293 525 principes
311 471 517 511 seditionis
535 471 731 523 gregarios
749 470 893 511 milites
906 471 953 512 C.
970 470 1136 511 Albium
1151 472 1348 513 Calenum
1363 468 1369 474 '

17 534 23 595 ἰ
50 574 52 576 .
67 542 70 567 ἴ
85 537 131 578 C.
152 536 310 577 Atrium
321 538 520 577 Vmbrum
535 538 713 577 delatum
728 536 908 576 omnium
922 550 1120 577 consensu
1134 537 1347 590 imperium

20 623 24 653 7-
50 613 68 655 ’,ᾗς
86 617 100 652 3
117 602 186 655 qui
200 616 456 654 nequaquam
474 601 694 642 tribuniciis
709 603 887 641 contenti
903 602 1158 651 ornamentis,
1179 602 1347 654 insignia

20 662 65 730 {71
181 667 329 708 summi
367 667 531 720 imperii,
562 669 688 708 fasces
725 681 973 719 securesque,
1002 675 1210 709 attractare
1237 668 1323 708 ausi
1335 683 1349 718 3

51 727 159 774 ‘aue
176 733 235 773 eis
251 732 364 774 uenit
382 733 426 773 in
444 741 621 773 mentem
641 733 722 773 suis
741 733 858 785 tergis
879 733 960 773 suis
977 734 1199 774 ceruicibus
1219 736 1347 786 uirgas

23 795 29 854 f
99 818 105 822 ·
127 812 366 852 securesque
392 798 600 839 imminere
618 812 718 850 quas
739 800 792 839 ad
816 806 965 838 metum
993 799 1160 840 aliorum
1183 802 1349 852 praefer-

60 868 122 917 )t.
170 867 285 906 Mors
309 865 507 916 Scipionis
533 867 633 905 falso
650 866 802 905 credita
820 865 1059 905 occaecabat
1084 866 1251 916 animos,
1273 867 1348 908 sub
1370 880 1408 913 15

24 926 38 980 ῗγ
80 930 138 971 'us
145 932 348 984 uolgatam
362 930 442 970 iam
457 932 603 970 famam
619 944 702 970 non
716 929 954 971 dubitabant
970 938 1094 970 totam
1109 931 1349 984 Hispaniam

24 987 29 994 ’
63 1035 72 1046 ,,
140 1010 199 1035 m
217 996 349 1037 bello:
377 995 418 1036 in
437 1010 487 1036 eo
507 998 679 1035 tumultu
697 1003 738 1035 et
757 995 874 1035 sociis
900 996 1091 1047 pecunias
1108 996 1291 1049 imperari
1308 1006 1349 1039 et
1371 1002 1410 1034 16

27 1057 38 1059 ”
69 1084 73 1095 ε
89 1061 142 1115 ’ρί
156 1060 401 1114 propinquas
414 1062 533 1101 urbes
546 1075 665 1113 posse
679 1076 690 1109 ;
718 1068 756 1100 et
779 1061 946 1100 turbatis
964 1062 1083 1101 rebus
1101 1075 1195 1102 cum
1213 1064 1350 1102 omnia

29 1175 33 1181 .
79 1148 83 1161 ·
123 1141 166 1168 es
201 1128 397 1167 auderent
428 1127 560 1167 minus
584 1126 759 1178 vinsignia
788 1128 876 1167 ⁴fore
906 1140 1010 1178 quae
1042 1127 1118 1180 ipsi
1151 1128 1347 1169 fecissent.

31 1186 38 1199 ⁵
76 1211 123 1230 ..ιι
150 1194 250 1233 alios
272 1192 446 1233 subinde
472 1200 651 1233 recentes
678 1191 842 1232 nuntios
866 1206 948 1232 non
972 1195 1110 1233 mortis
1135 1195 1259 1234 modo
1279 1195 1350 1234 sed
1368 1205 1420 1246 25

70 1257 146 1298 Hm
178 1257 327 1299 funeris
363 1265 645 1309 exspectarent,
673 1272 807 1310 neque
836 1258 1110 1310 superueniret
1138 1259 1349 1311 quisquam

32 1324 33 1327 '
67 1344 90 1367 ,·
113 1331 364 1375 ·esceretque
394 1330 543 1363 temere
574 1331 682 1363 ortus
717 1337 861 1370 rumor,
892 1330 979 1362 tum
1017 1323 1133 1375 primi
1168 1332 1349 1365 auctores

78 1394 79 1399 ’
97 1388 171 1430 uiri
185 1388 317 1441 coepti
330 1404 342 1438 3
361 1396 400 1428 et
413 1388 671 1429 subtrahente
688 1402 733 1428 se
750 1402 913 1440 quoque
928 1397 972 1428 ut
987 1389 1203 1430 credidisse
1217 1389 1349 1442 potius
1370 1407 1387 1429 2

89 1499 92 1502 ,
110 1468 176 1496 ere
211 1468 335 1507 quam
370 1454 531 1494 finxisse
560 1467 646 1494 rem
674 1456 794 1495 talem
828 1454 956 1495 uideri
992 1462 1137 1508 posset,
1172 1455 1351 1496 destituti

83 1538 144 1555 ιν·
178 1520 259 1561 iam
290 1534 362 1561 sua
390 1520 464 1573 ipsi
501 1520 670 1573 insignia
698 1528 739 1561 et
765 1534 839 1573 pro
864 1534 970 1561 uana
997 1521 1169 1574 imagine
1197 1521 1351 1574 imperii

0 1583 8 1592 ’
43 1640 45 1642 Υ
68 1635 70 1637 ‚
95 1605 105 1621 ο
120 1604 130 1621 ι
156 1594 336 1639 gererent
356 1600 493 1627 ueram
512 1586 738 1638 iustamque
758 1600 852 1626 mox
870 1586 912 1627 in
931 1600 976 1627 se
994 1601 1197 1627 uersuram
1222 1595 1350 1639 potes-

77 1670 101 1710 ἶ·
120 1671 141 1688 ιι
169 1652 393 1692 horrebant.
436 1653 633 1704 Stupente
650 1652 706 1693 ita
724 1652 921 1693 seditione
941 1667 1034 1692 cum
1053 1652 1189 1693 uiuere
1207 1653 1346 1706 primo,
1370 1669 1389 1701 3

6 1743 7 1753 ¹
39 1735 45 1767 i
136 1750 259 1783 fierent
277 1749 359 1783 ΠΝθ
374 1749 462 1783 Edd.
479 1762 487 1784 :
511 1751 583 1783 fieri
598 1750 652 1783 N4
845 1761 884 1791 13
908 1762 951 1783 ex
968 1751 1109 1794 (princ.)
1125 1751 1351 1785 ald.Frob.1.2

84 1808 94 1826 ,s
132 1795 254 1826 castris
268 1794 307 1836 cs.
325 1805 350 1826 c.
367 1805 396 1826 2.
416 1795 474 1834 53:
494 1806 516 1827 e
532 1795 588 1826 K:
613 1800 647 1826 et
659 1795 707 1834 J:
729 1806 797 1828 om.
819 1795 887 1828 ΠΝ
1052 1795 1214 1827 Vmbrum
1235 1795 1352 1837 C48p?

90 1875 91 1878 Ἰ
128 1837 218 1872 roba
234 1838 370 1880 (-brium
386 1837 470 1881 ald.)
485 1849 494 1870 :
516 1837 613 1870 brum
632 1837 701 1871 ΠΝ
845 1850 884 1878 ¹4
906 1839 1039 1880 imperii
1057 1838 1146 1881 (inp-
1160 1838 1288 1881 P'CR)
1307 1839 1352 1872 Π2

88 1885 99 1908 2
127 1882 200 1923 peri
214 1882 250 1914 P
362 1893 472 1922 neque
489 1881 539 1913 eis
557 1882 625 1924 (uel
638 1882 678 1913 iis
696 1882 751 1914 uel
762 1882 843 1924 hiis)
859 1881 1159 1914 N⁴oald.Frob.1.2
1173 1894 1181 1915 :
1205 1893 1351 1923 nequem

121 1925 160 1966 cy:
179 1935 234 1965 27.
253 1936 308 1965 4ο.
326 1936 345 1966 7
364 1925 464 1958 adm:
489 1936 602 1965 neque
622 1925 665 1957 M
669 1924 694 1965 ¹,
706 1927 864 1968 probante
882 1925 1009 1964 Madv„
1027 1925 1087 1957 sed
1105 1926 1226 1958 horum
1246 1926 1351 1958 homi-

93 1969 98 2010 j
125 1970 304 2001 eaecitatem
319 1969 465 2010 depungit
478 1969 600 2000 Liuius
704 1970 775 2002 suis
790 1969 916 2013 (cetu.)
927 1969 1118 2010 Sp?Frob.2
1132 1980 1140 2000 :
1164 1971 1304 2010 suisque
1322 1970 1348 2003 Π

88 2021 106 2033 ’·
123 2013 229 2054 „sed
234 2013 446 2054 anaphoram
455 2012 665 2044 commendat
671 2012 844 2052 locicolorJ
857 2014 895 2054 cf
909 2014 1021 2053 utique
1029 2014 1083 2044 26.
1097 2023 1110 2044 1
1120 2023 1147 2044 1.
1159 2023 1197 2044 12
1207 2013 1286 2045 adn.
1299 2013 1350 2056 (a)

91 2056 94 2063 ⁴
184 2065 224 2097 15
247 2057 312 2088 iam
338 2056 655 2089 N⁴oald.Frob.1.2:
693 2067 775 2088 mox
806 2057 880 2096 ΠΝ,
904 2056 988 2096 sort.
1017 2059 1102 2096 recte,
1130 2059 1162 2087 et
1185 2057 1231 2088 sic
1255 2057 1353 2089 malit

90 2130 100 2142 ,,
171 2120 173 2122 v
205 2101 286 2142 (iam
309 2111 350 2132 ex
373 2106 454 2132 -tam
478 2100 642 2141 duplicato
663 2104 776 2132 ortum
798 2110 864 2132 esse
886 2099 996 2143 ratus)
1189 2101 1229 2131 16
1252 2100 1351 2141 diripi

5 2181 8 2190 θ
48 2177 58 2187 y
90 2177 94 2183 ,
141 2142 155 2164 ⁴
179 2147 218 2175 ut
238 2154 266 2175 s.
290 2143 311 2176 l.
337 2146 356 2176 θ
377 2143 486 2175 Edd.:
511 2144 574 2174 diri
596 2144 636 2184 P,
663 2144 700 2186 cy?
724 2154 816 2184 27.1.
836 2153 872 2175 11
890 2143 969 2176 adn.
995 2143 1039 2187 (et
1060 2144 1095 2175 in
1120 2146 1193 2184 §14
1215 2153 1298 2184 sque
1319 2143 1356 2175 Ρ

56 2187 351 2230 ¹oecuresque):
373 2187 458 2219 adiri
479 2187 567 2227 mlv,
585 2187 623 2227 cf.
640 2198 664 2220 c.
683 2188 714 2220 8.
734 2199 753 2227 4
771 2187 849 2220 adn.

145 2240 165 2261 a
186 2231 406 2263 subtrahente
422 2241 460 2261 se
481 2230 562 2273 (-tes
578 2241 598 2261 e
613 2229 696 2272 RB)
716 2230 925 2263 PRMBlD:
947 2229 1187 2263 subtrahentes
1208 2240 1247 2262 se
1268 2230 1349 2274 (om.

85 2273 93 2280 “’
156 2273 256 2306 CAN
259 2274 358 2306 ¹oald.
375 2285 383 2306 :
406 2275 643 2306 subtrantesse
660 2274 722 2315 Sp,
740 2275 827 2306 unde
841 2276 1091 2307 subirascantes
1109 2274 1215 2307 Rlzen.
1234 2274 1352 2306 Fmba

183 2323 300 2359 posset
314 2318 381 2351 πΝ
389 2328 398 2349 t
423 2323 566 2358 possent
583 2317 659 2359 CSp
673 2322 712 2349 ut
725 2317 791 2352 uid.
810 2318 1048 2351 eald.Frob.1.2
1180 2319 1270 2357 quod
1290 2318 1357 2350 ΠΝ

1 2388 4 2394 ,
53 2392 80 2408 sf-
132 2370 142 2392 ε
163 2362 219 2402 qni
236 2362 269 2393 id
288 2364 329 2394 0:
358 2362 471 2394 um'us
484 2362 607 2401 fuisset
622 2371 732 2402 quam,
748 2362 808 2394 sed
819 2362 860 2402 cs.
877 2373 938 2404 ag.
959 2372 987 2396 1.
1007 2371 1036 2395 1.
1052 2373 1073 2402 4
1089 2362 1216 2394 maiora
1238 2371 1352 2393 rerum

70 2407 73 2411 ⁴
96 2407 99 2425 ³
138 2403 297 2447 (a.eti‹zm
316 2415 343 2438 1.
357 2415 391 2445 9.
406 2415 466 2445 13;
486 2405 517 2436 8.
531 2415 559 2444 7.
577 2406 638 2444 183
661 2415 692 2445 9.
709 2414 762 2445 45.
780 2405 817 2448 5)
977 2415 998 2445 3
1022 2405 1191 2446 Stupente
1210 2405 1257 2438 ss:
1282 2410 1351 2437 stu-

113 2463 120 2472 ·
141 2450 179 2482 02
200 2448 380 2490 stupebant
392 2448 448 2480 N:
471 2448 638 2488 stupebati
652 2447 702 2480 N¹
719 2449 893 2492 (seditioni
909 2449 959 2480 N¹
977 2453 1016 2482 ut
1029 2460 1054 2483 ε.
1071 2450 1092 2482 l.
1109 2449 1143 2492 θ)
