1546 2756
170 170 309 209 xxvi
331 178 382 219 27
400 175 420 206 8
761 167 881 207 T1T1
912 167 1030 206 L1v1

239 279 370 331 primo
394 278 624 319 eleuabatur
649 278 770 317 index
792 276 1091 327 indiciumque:
1121 275 1248 328 pridie
1273 289 1366 316 eum
1394 289 1485 316 uer
1501 296 1517 325 2¹

237 345 314 386 bus
325 343 559 395 castigatum
572 344 623 382 ab
635 342 809 382 dominis
825 341 1056 381 discessisse
1070 357 1082 391 3
1106 355 1176 392 per
1192 342 1288 380 iram
1301 355 1348 380 ac
1360 340 1482 381 leuita
1502 343 1514 374 ’ἑ

199 430 219 462 9
239 425 287 451 ex
305 425 346 450 re
365 411 525 450 fortuita
539 409 689 448 crimen
702 416 990 447 commentum.
1088 407 1278 447 Ceterum
1289 414 1333 446 ut
1344 419 1479 446 coram

237 477 502 527 arguebantur
530 483 570 514 et
597 473 780 526 quaestio
807 487 855 513 ex
883 472 1073 512 ministris
1100 472 1286 512 facinoris
1315 473 1401 512 foro
1429 486 1509 512 me

238 540 375 581 haberi
395 549 538 591 coepta
556 549 626 588 est,
649 541 741 579 fassi
760 553 912 588 omnes,
933 547 1058 589 atque
1075 539 1118 577 in
1143 538 1332 578 dominos
1349 551 1514 578 seruos

240 606 422 646 conscios
450 607 773 645 animaduersum
794 612 854 644 est
867 619 879 654 3
906 603 1032 643 indici
1057 603 1218 643 libertas
1243 605 1338 643 data
1361 611 1402 644 et
1425 602 1506 643 ui'

242 672 349 711 milia
367 671 478 711 aeris.
1501 721 1503 723 r

183 758 221 780 10
293 737 460 778 Consuli
486 736 669 776 Laeuino
687 737 869 787 Capuam
889 734 1155 786 praetereunti
1174 734 1414 776 circumfusa
1437 749 1479 775 m
1498 743 1500 745 ’

238 804 338 843 tudo
357 804 655 854 Campanorum
685 810 745 842 est
771 801 1070 842 obsecrantium
1098 815 1192 841 cum
1219 800 1390 841 lacrimis
1418 809 1462 841 ut
1494 831 1500 835 -.
1544 856 1546 859 γ

240 871 414 908 Romam
433 870 486 908 ad
506 877 689 908 senatum
708 868 764 908 ire
790 867 926 907 liceret
948 874 1117 916 oratum,
1140 867 1174 906 si
1193 881 1273 919 qua
1297 866 1480 907 miserico
1503 878 1505 880 ·
1543 861 1546 863 ’

239 936 401 974 tandem
432 934 537 974 flecti
567 942 743 986 possent,
776 947 828 973 ne
858 947 901 973 se
931 934 984 972 ad
1014 932 1201 973 ultimum
1231 933 1434 984 perditum
1465 923 1509 972 1η-

183 1020 218 1042 11
239 1013 469 1051 nomenque
490 1000 790 1051 Campanorum
808 1013 832 1038 a
852 1000 903 1049 Q.
926 999 1072 1038 Flacco
1091 997 1215 1038 deleri
1233 997 1420 1039 sinerent.

240 1079 310 1105 cus
329 1065 405 1105 sibi
431 1067 625 1117 priuatam
645 1064 887 1103 simultatem
912 1078 1005 1104 curn
1034 1064 1254 1115 Campanis
1278 1077 1422 1115 negare
1443 1077 1470 1104 u
1496 1066 1501 1088 f

240 1144 327 1171 esse
342 1146 350 1170 :
379 1131 558 1182 publicas
572 1129 796 1170 inimicitias
812 1130 1018 1171 †hostilis†
1034 1137 1074 1169 et
1088 1142 1175 1169 esse
1194 1136 1234 1168 et
1253 1130 1414 1178 futuras,
1430 1142 1502 1181 qu-

184 1215 220 1237 12
241 1208 290 1234 eo
308 1194 444 1234 animo
459 1208 545 1234 esse
565 1208 656 1246 erga
674 1195 869 1246 populum
886 1194 1117 1233 Romanum
1133 1194 1249 1233 sciret
1263 1207 1277 1244 3
1294 1194 1496 1234 nullame

240 1259 282 1299 in
305 1260 416 1300 terris
438 1268 599 1311 gentem
623 1274 719 1310 esse,
743 1262 897 1300 nullum
923 1259 1168 1299 infestiorem
1192 1260 1389 1312 populum
1411 1273 1497 1299 nou
1531 1264 1534 1304 ἶ

241 1327 440 1365 Romano.
498 1326 592 1366 ideo
620 1340 662 1366 se
691 1326 904 1366 moenibus
932 1326 1108 1365 inclusos
1137 1334 1273 1366 tenere
1299 1339 1384 1373 θος,
1415 1323 1492 1377 qu*
1527 1367 1529 1378 Ε

241 1393 309 1443 qui
339 1391 557 1431 euasissent
590 1391 732 1443 aliqua,
755 1393 865 1432 uelut
892 1393 993 1432 feras
1013 1391 1162 1431 bestias
1189 1405 1261 1443 per
1287 1403 1403 1443 agros
1432 1403 1473 1431 u
1489 1383 1494 1446 J
1527 1382 1530 1399 ⁴

185 1477 222 1509 13
242 1465 282 1497 et
300 1458 448 1497 laniare
467 1465 507 1497 et
526 1457 722 1498 trucidare
741 1459 1014 1509 quodcunque
1037 1457 1205 1497 obuium
1229 1458 1344 1497 detur
1356 1471 1368 1506 3
1395 1454 1467 1496 ali·
1485 1488 1487 1490 .
1525 1450 1529 1498 ῗ

243 1522 513 1563 Hannibalem
547 1525 810 1575 transfugisse,
842 1524 940 1563 alios
972 1524 1024 1563 ad
1059 1525 1234 1562 Romam
1271 1523 1488 1563 incenden
1522 1573 1526 1578 ι

241 1590 450 1640 profectos.
508 1588 763 1629 inuenturum
782 1590 824 1629 in
850 1598 1027 1629 semusto
1056 1590 1143 1628 foro
1165 1589 1372 1629 consulem
1400 1601 1485 1633 ues·
1522 1591 1524 1594 ’

185 1675 223 1708 14
242 1655 399 1694 sceleris
428 1655 724 1705 Campanorum
739 1670 750 1704 3
783 1657 931 1695 Vestae
957 1656 1099 1694 aedem
1127 1653 1292 1706 petitam
1315 1661 1355 1694 et
1382 1650 1486 1707 aetss¹

288 1762 323 1783 11
349 1752 486 1784 hostilis
510 1757 545 1784 et
566 1764 616 1786 πε
643 1753 778 1785 hostilis
800 1752 879 1784 Ao:
903 1753 1012 1785 hostis
1036 1757 1070 1784 et
1096 1751 1140 1784 C¹
1165 1752 1219 1784 uel
1241 1751 1347 1784 C²M2
1371 1751 1483 1784 et
1518 1790 1520 1793 .

241 1796 331 1828 ald.:
354 1797 482 1829 seclusit
503 1797 643 1828 hostiles
669 1797 804 1839 Ussing,
826 1798 986 1839 probante
1009 1797 1089 1828 olim
1113 1796 1228 1829 Madv.
1258 1795 1352 1837 (Em.
1371 1800 1409 1837 p.
1435 1805 1475 1835 3

242 1850 331 1871 nunc
339 1840 538 1882 Johnsonio‚
549 1841 610 1881 qui
620 1840 707 1871 hanc
720 1851 832 1873 uocem
845 1845 883 1872 ut
893 1841 994 1882 gloss.
1003 1846 1067 1882 pro
1077 1851 1121 1872 eo
1133 1841 1246 1872 animo
1260 1840 1295 1871 in
1310 1840 1396 1872 linea
1407 1850 1428 1872 a
1452 1855 1465 1865 u
1478 1839 1484 1848 ³
1515 1836 1518 1844 ¹

241 1884 389 1925 inferiore
402 1885 561 1915 insertam
576 1888 607 1915 et
618 1889 788 1925 perperam
805 1885 857 1916 hic
868 1890 972 1926 supra
988 1885 1155 1916 inclusam
1169 1895 1237 1916 esse
1251 1887 1359 1916 censet.
1513 1919 1517 1923 ,

241 1927 370 1967 aliquid
381 1928 448 1959 rati
459 1928 593 1959 hostilis
607 1926 706 1971 (erga
722 1930 816 1959 urbis
835 1929 918 1960 ciuis
937 1928 1038 1970 (-es))
1053 1933 1089 1960 et
1102 1927 1291 1970 (Johnson)
1305 1931 1420 1968 tempt
1434 1944 1441 1954 ι

241 1981 306 2011 quo
312 1971 450 2012 facilius
459 1971 580 2012 phrasi
591 1982 634 2004 eo
650 1973 764 2004 animo
781 1983 858 2004 esse
873 1973 1079 2015 suppleretur
1090 1972 1282 2012 subiectum,
1301 1971 1392 2012 quod
1405 1982 1440 2002 m
1451 1970 1465 2014 ’Ἴ
1511 1986 1514 2007 3

239 2015 339 2045 etiam
356 2025 445 2046 nunc
454 2015 559 2055 placet
700 2027 780 2056 erga
795 2016 879 2048 ‘ri-Ax
893 2029 901 2049 :
923 2028 990 2048 om.
1009 2015 1088 2048 Ao:
1113 2016 1148 2047 in
1164 2015 1232 2049 ald.
1378 2024 1417 2046 12
1448 2031 1453 2043 ι
1510 2053 1513 2060 ¹

242 2058 480 2097 (infestiorem)
493 2059 549 2090 Αθ
560 2070 568 2091 :
586 2060 711 2091 nullam
723 2072 751 2092 π
882 2061 959 2100 quia
974 2060 1030 2099 Π]
1038 2072 1044 2091 :
1064 2071 1088 2102 q
1101 2060 1163 2100 (ie.
1177 2058 1281 2100 quod)
1293 2057 1347 2092 K:
1363 2059 1434 2091 secl.
1464 2059 1469 2088 δ’
1508 2094 1512 2104 Ι

241 2101 322 2133 Em.
337 2107 369 2143 p.
386 2103 472 2141 380:
495 2103 622 2143 quippe
639 2103 877 2144 Friedersdorff
896 2104 982 2145 bene,
1001 2104 1035 2135 si
1046 2103 1131 2144 quid
1148 2106 1278 2134 mutare
1293 2102 1384 2143 uelis,
1402 2100 1464 2134 sed
1507 2105 1510 2135 .’

244 2154 293 2184 13.
312 2146 350 2182 8;
372 2155 425 2185 33.
445 2155 498 2184 45.
517 2157 547 2186 7,
567 2158 712 2187 quorum
727 2149 873 2179 locorum
890 2150 1000 2179 neutri
1018 2147 1110 2178 nobis
1129 2147 1300 2178 conuenire
1314 2146 1450 2178 uidetur
1458 2146 1468 2181 ,ἶ

239 2189 321 2229 vigii
323 2189 479 2229 formula
504 2190 586 2228 (Λα.)
608 2191 646 2222 de
669 2192 852 2223 ‘sententiis
868 2197 976 2232 reapse
990 2202 1030 2222 ex
1044 2201 1146 2231 aequo
1157 2190 1302 2231 positis'‚
1320 2200 1407 2230 quae

241 2241 261 2270 3
271 2242 280 2270 ;
297 2243 328 2272 4.
348 2242 402 2272 51.
419 2243 439 2271 4
456 2243 464 2272 ;
482 2232 543 2266 Cic.
562 2233 636 2267 Clu.
656 2237 672 2270 5
690 2236 751 2274 138
767 2240 798 2266 et
815 2235 939 2266 similia
957 2235 1039 2266 satis
1055 2233 1209 2274 quadrat.
1255 2233 1356 2264 Illam
1371 2238 1419 2274 po
1441 2233 1448 2241 '
1465 2265 1468 2267 ,
1506 2249 1508 2255 ν

241 2276 403 2307 rationem
419 2277 470 2307 hic
479 2277 553 2308 etin
569 2288 600 2310 2.
619 2288 668 2318 13.
684 2279 704 2309 8
719 2279 850 2310 subesse
863 2279 1052 2310 iudicamus
1068 2277 1158 2318 quod
1169 2276 1249 2308 siin
1267 2276 1360 2309 Orat.
1376 2276 1412 2308 R
1452 2276 1472 2319 χ’

240 2320 396 2351 sententia
410 2323 521 2359 staret,
534 2322 684 2353 clausula
696 2322 774 2352 haec
785 2321 1012 2354 Indicatiuum
1022 2321 1187 2362 praeberet
1201 2324 1239 2351 ut
1252 2325 1316 2361 pro
1332 2330 1410 2352 uero
1430 2335 1436 2344 κ
1452 2319 1466 2354 ι’,ἶζ
1503 2332 1506 2338 ’

242 2365 306 2394 tore
326 2364 396 2404 ipso
414 2365 590 2404 proposita.
638 2365 721 2396 Ideo
745 2366 793 2397 ad
809 2366 1029 2407 praecedentia
1053 2365 1168 2404 referre
1191 2364 1275 2404 (nisi
1292 2374 1373 2404 -que
1397 2362 1450 2395 uel
1502 2386 1504 2390 .

241 2406 381 2447 inseras)
401 2412 576 2448 poetarum
599 2410 745 2439 sermoni
764 2411 875 2450 aptius
898 2409 1039 2447 uidetur,
1064 2417 1165 2449 neque
1186 2407 1238 2438 hic
1257 2407 1305 2438 ad
1323 2417 1409 2448 affl
1435 2425 1446 2430 ff
1498 2411 1500 2413 '

241 2461 342 2491 aeque
356 2451 513 2482 conducat
649 2454 762 2492 aliqua
781 2453 876 2485 nald.
893 2463 900 2484 :
925 2455 1036 2492 aliquo
1053 2455 1071 2483 θ
1085 2463 1093 2483 :
1115 2452 1246 2492 aliquas
1264 2450 1294 2482 C
1297 2451 1310 2471 ⁴
