1546 2756
142 164 280 202 XXVI
302 172 345 211 17
369 177 405 200 η
734 159 856 198 TITI
886 158 1006 196 LIVI

214 281 296 314 ret:
325 273 435 312 illum
458 271 563 310 diem
587 268 814 319 religiosum
841 263 1236 316 Carthaginiensibus
1262 265 1315 304 ad
1339 263 1472 315 agend

159 354 197 385 13
216 339 431 391 quicquam
450 335 505 376 rei
525 335 647 375 seriae
666 347 764 373 esse.
823 334 887 372 Ne
916 339 1002 371 tum
1031 329 1198 381 quidem
1225 336 1411 380 suspecta
1437 329 1507 368 ἰω-

216 418 308 444 cum
328 410 442 450 esset,
462 402 555 441 data
569 400 687 439 uenia
700 398 786 438 eius
800 396 892 446 diei,
909 396 1190 446 extemploque
1204 394 1436 435 Hasdrubal
1494 404 1497 405 ’

217 468 395 520 equitatu
420 464 721 518 elephantisque
744 464 880 502 castris
901 474 1081 513 egressus
1100 460 1188 500 sine
1205 461 1290 500 ullo
1308 461 1484 500 tumultu

162 548 200 579 14
218 543 348 574 tutum
378 532 512 572 euasit.
572 532 686 570 Hora
722 530 847 568 ferme
884 534 1024 579 quarta
1060 525 1239 577 dispulsa
1274 527 1360 566 sole
1395 524 1477 565 neb
1493 529 1503 534 ’“
1544 537 1545 540 ’

218 598 370 650 aperuit
381 598 500 645 diem,
509 608 714 646 uacuaque
727 593 902 634 hostium
915 600 1043 632 castra
1054 599 1347 642 conspexerunt
1354 593 1476 630 Rom

164 675 200 706 ¹5
220 667 326 703 Tum
346 665 509 703 demum
530 660 721 702 Claudius
742 659 935 698 Punicam
955 659 1136 697 fraudem
1155 658 1407 708 adgnoscens
1431 663 1495 705 ut,
1541 646 1545 716 ξ

221 731 316 770 dolo
349 736 506 779 captum
541 726 672 774 sensit,
708 724 1028 777 proficiscentem
1066 722 1208 762 institit
1239 722 1355 774 sequi
1386 735 1496 774 paras
1540 717 1543 735 ³

166 801 204 833 16
222 796 431 845 confligere
443 792 538 832 acie.
569 792 648 832 Sed
663 790 788 830 hostis
803 789 1050 830 detractabat
1063 801 1241 840 pugnam
1255 801 1267 837 3
1291 787 1396 827 leuia
1410 794 1451 827 ta
1461 794 1495 846 ¹⁶⁵,

221 859 369 912 proelia
397 859 497 898 inter
530 865 748 897 extremum
782 856 981 895 Punicum
1013 867 1160 906 agmen
1190 867 1446 906 praecursore
1474 872 1490 908 ιγ

223 928 496 965 Romanorum
517 923 676 962 fiebant.
1490 966 1495 973 ,
1535 964 1537 975 ⁴

160 993 204 1030 18
278 993 386 1030 Inter
398 991 496 1028 haec
510 987 731 1039 Hispaniae
743 987 882 1039 populi
894 1000 969 1026 nec
982 987 1051 1038 qui
1062 993 1154 1039 post
1170 986 1327 1026 cladem
1340 998 1464 1037 accep
1488 1005 1490 1007 ·

224 1057 448 1096 defecerant
467 1053 650 1094 redibant
670 1055 721 1092 ad
743 1055 961 1101 Romanos,
983 1066 1060 1092 nec
1079 1051 1149 1091 ulli
1169 1051 1267 1091 noui
1281 1051 1466 1092 deficie-¹
1489 1075 1492 1079 ·
1534 1054 1536 1057 ’

188 1138 203 1159 2
224 1129 262 1161 et
289 1123 443 1160 Romae
469 1119 623 1159 senatui
651 1120 882 1170 populoque
906 1125 999 1170 post
1023 1125 1226 1169 receptam
1254 1118 1438 1168 Capuam
1474 1138 1491 1163 v⁸
1532 1167 1534 1174 y

225 1187 362 1226 Italiae
381 1185 460 1225 iam
480 1184 604 1224 maior
624 1198 743 1235 quam
765 1184 987 1235 Hispaniae
1006 1196 1100 1223 cura
1119 1190 1213 1223 erat.
1262 1184 1316 1223 Et
1333 1183 1481 1223 exerci

189 1263 206 1293 3
224 1251 356 1303 augeri
385 1258 424 1291 et
450 1250 727 1302 imperatorem
751 1249 854 1289 mitti
879 1249 1080 1300 placebat;
1115 1262 1192 1288 nec
1217 1255 1300 1288 tam
1320 1261 1443 1299 quem
1472 1249 1489 1281 ¹³

225 1323 352 1356 terent
379 1315 471 1355 satis
497 1316 707 1355 constabat
733 1329 854 1366 quam
879 1314 988 1363 illud,
1010 1314 1080 1354 ubi
1097 1315 1180 1355 duo
1208 1313 1357 1354 summi
1380 1312 1483 1352 im

226 1389 331 1422 tores
356 1380 458 1421 intra
483 1381 568 1421 dies
597 1381 754 1432 triginta
777 1380 1027 1429 cecidissent,
1055 1379 1124 1431 qui
1150 1379 1193 1419 in
1218 1381 1354 1419 locum
1379 1379 1485 1421 duo?⁴

188 1458 209 1488 4
228 1448 457 1487 succederet
483 1446 787 1486 extraordinaria
810 1459 904 1485 cura
930 1447 1188 1496 deligendum
1218 1458 1318 1485 esse.
1357 1444 1464 1486 Cum

227 1512 349 1552 alium
375 1512 634 1561 nominarent,
657 1519 902 1563 postremum
923 1525 973 1551 eo
992 1512 1205 1551 decursum
1230 1517 1291 1550 est
1315 1517 1361 1550 ut
1385 1523 1451 1562 pr·
1466 1517 1478 1542 ’ἐ

229 1577 303 1617 suli
330 1578 502 1617 creando
532 1577 574 1616 in
602 1577 841 1629 Hispaniam
867 1576 1030 1617 comitia
1064 1577 1304 1616 haberentur
1310 1589 1325 1626 3
1362 1575 1429 1616 die
1453 1594 1461 1612 ι

193 1652 210 1685 5
230 1642 399 1682 comitiis
423 1644 606 1683 consules
625 1643 842 1683 edixerunt.
901 1642 1036 1682 Primo
1062 1648 1387 1694 exspectauerant
1411 1646 1467 1683 ut}

230 1722 273 1748 se
300 1715 412 1748 tanto
444 1708 609 1760 imperio
639 1708 781 1760 dignos
814 1708 1022 1748 crederent
1052 1707 1218 1748 nomina
1251 1709 1435 1759 profitere
1454 1749 1468 1756 ,Ἴ

230 1786 332 1825 quae
370 1780 415 1813 ut
456 1774 643 1814 destituta
679 1776 920 1826 exspectatio
964 1781 1035 1822 est,
1085 1772 1374 1825 redintegratus
1419 1763 1467 1815 lii
1519 1822 1521 1833 a

230 1846 415 1890 acceptae
434 1839 556 1879 cladis
580 1839 904 1891 desideriumque
924 1841 1208 1891 imperatorum
1228 1835 1464 1878 amissorum
1518 1850 1521 1886 g

277 1946 316 1967 12
338 1936 447 1968 seriae
462 1947 539 1969 esse
552 1936 596 1969 C2
612 1937 666 1969 uel
680 1937 708 1969 C
711 1939 723 1958 4
744 1937 843 1971 Gron.
861 1949 870 1970 ε
893 1938 983 1970 seria
1001 1936 1103 1978 (feria
1114 1936 1164 1978 D)
1176 1946 1254 1968 esse
1267 1946 1321 1970 πε
1342 1934 1417 1968 feri

231 1979 271 2011 M
276 1979 289 1999 ²
305 1980 358 2011 uel
369 1979 426 2010 M⁷
443 1982 496 2012 uel
513 1981 632 2013 ambo:
655 1982 808 2013 feriatum
831 1981 865 2012 A
881 1993 889 2013 t
914 1981 1105 2021 feriatumq.
1130 1991 1208 2012 esse
1231 1982 1273 2013 02
1294 1979 1462 2013 feriatum

230 2022 361 2055 Aldus:
388 2034 466 2055 esse
481 2024 566 2059 Edd.
583 2027 680 2064 (quos
695 2026 861 2067 uidimus)
878 2029 956 2057 ante
969 2023 1050 2058 Ald.
1199 2034 1239 2065 13
1263 2034 1339 2056 cum
1355 2034 1405 2056 es
1443 2026 1456 2066 J

235 2065 283 2098 Πθ
296 2077 304 2105 3
329 2070 405 2097 recte
418 2070 465 2098 sic
476 2068 680 2108 interpunxit
694 2068 836 2100 Harant
851 2070 876 2111 (3
891 2079 965 2100 cum
983 2070 1061 2099 data
1076 2071 1170 2100 esset
1185 2067 1251 2100 ald.
1269 2067 1392 2110 Drak.)
1514 2062 1517 2073 Α

232 2109 427 2149 temploque
444 2111 548 2150 (-tim-
564 2111 685 2151 MBD)
702 2125 730 2144 π
745 2112 905 2144 Harant:
929 2111 1104 2152 extemplo
1118 2111 1242 2144 Aoald.
1259 2111 1368 2143 Drak.

235 2161 275 2192 15
299 2153 396 2192 sequi
413 2151 519 2184 C⁴M1
536 2155 589 2185 uel
602 2154 822 2187 M²B1Av?o:
847 2156 926 2196 equi
945 2156 970 2187 Π
1454 2160 1459 2193 ἶ
1511 2149 1515 2191 l

276 2194 318 2227 18
340 2206 360 2235 3
385 2201 452 2227 tam
472 2197 571 2230 Gron.
588 2209 596 2229 t
618 2203 732 2229 tamen
750 2199 864 2230 fleald.
940 2209 1039 2239 quam
1057 2198 1139 2230 illud
1155 2197 1229 2241 (sed
1240 2200 1296 2238 qffi
1311 2197 1363 2239 A)
1379 2196 1407 2230 Π
1434 2197 1459 2221 ff
1512 2195 1513 2232 J

233 2240 290 2279 qr'h
306 2238 400 2278 idJ:
426 2242 583 2280 quoniam
604 2240 661 2272 K:
684 2252 758 2273 cum
780 2243 862 2273 illud
885 2241 930 2274 C*
948 2243 999 2273 uel
1016 2240 1079 2276 6⁶:
1104 2242 1262 2283 quoniam
1281 2242 1361 2273 illuc
1413 2255 1431 2266 »¹
1450 2270 1452 2272 ,
1511 2234 1513 2244 ⁴

235 2281 337 2314 Gron.
483 2295 502 2323 4
526 2289 562 2315 ut
579 2308 587 2316 .
606 2308 615 2316 .
634 2307 643 2316 .
659 2284 868 2316 haberentur
884 2285 999 2321 Madv.
1018 2285 1096 2319 Em.
1109 2291 1145 2328 p.
1161 2295 1248 2327 375:
1271 2289 1310 2317 ut
1323 2282 1442 2326 popul*

235 2325 375 2357 haberet
401 2326 515 2359 noald.
541 2327 632 2368 quod
651 2329 755 2360 tutari
774 2329 882 2360 uoluit
904 2329 1078 2362 Weissenb.
1104 2329 1252 2370 exempla
1273 2328 1390 2370 qualia
1443 2340 1453 2354 x

235 2369 371 2442 citazuio,
400 2369 458 2402 sed
483 2371 631 2412 populus
655 2382 696 2403 ex
716 2382 795 2413 pro·
818 2372 982 2414 duplicato
1008 2377 1123 2406 ortum
1148 2371 1237 2406 unde
1261 2375 1398 2405 -rentur
1423 2392 1446 2418 ·.
1508 2368 1511 2391 ἓ

236 2422 296 2443 17411
310 2423 330 2443 a
346 2423 404 2443 ulsn
