1546 2756
118 156 305 197 XXVIII
324 157 381 196 26
402 172 419 194 2
709 152 832 193 ΤΙΤΙ
861 151 982 191 LIVI

187 275 368 307 auctores
381 274 534 306 tantum
549 264 921 305 seditionis—erant
928 269 1066 303 autem
1077 262 1105 303 ii
1120 276 1286 303 numero
1299 262 1409 302 haud
1423 262 1464 314 pl
1492 262 1495 264 ’

190 347 310 385 quam
340 333 517 385 quinque
550 339 590 372 et
620 329 1224 382 triginta—animaduerteretur‚
1258 341 1310 368 an
1339 328 1491 380 pluriuf

190 397 387 450 supplicio
400 397 641 437 uindicanda
656 404 739 435 tam
756 394 865 434 foedi
880 393 1051 446 exempli
1066 393 1238 434 defectio
1252 392 1376 445 magis
1391 405 1470 444 qua
1481 402 1493 427 ι4

154 478 171 507 3
191 463 335 504 seditio
353 470 466 503 esset.
498 461 605 500 Vicit
620 461 818 501 sententia
835 459 962 499 lenior
981 467 1024 498 ut
1042 460 1151 499 unde
1171 460 1289 510 culpa
1305 465 1391 498 orta
1410 471 1472 497 ess
1480 468 1495 491 ψ·
1523 483 1525 486 -

189 530 246 569 ibi
265 542 395 581 poena
414 527 668 567 consisteret:
696 527 750 566 ad
779 525 1076 564 multitudinem
1102 523 1401 576 castigationem
1420 530 1492 563 sat
1523 551 1526 556 f

152 611 173 642 4
191 608 288 634 esse.
348 592 529 634 Consilio
557 590 733 639 dimisso,
764 597 809 630 ut
837 589 880 629 id
907 597 1043 629 actum
1069 589 1282 638 uideretur,
1313 587 1498 640 expedit'

190 661 381 699 aduersus
410 656 680 697 Mandonium
709 654 1007 705 Indibilemque
1033 654 1203 694 edicitur
1231 653 1418 694 exercitui
1445 666 1474 705 q

192 723 431 775 Carthagine
460 731 542 762 erat
571 730 611 763 et
639 720 788 762 cibaria
815 721 972 761 dierum
990 720 1143 772 aliquot
1160 733 1298 772 parare
1315 719 1455 759 iubent
1494 715 1495 718 ¹

154 801 172 832 5
192 790 378 830 Tribunis
399 796 552 840 septem
572 786 641 839 qui
659 795 699 827 et
718 793 837 826 antea
856 789 1075 827 Sucronem
1092 787 1146 826 ad
1170 785 1398 826 leniendam
1416 798 1486 825 se·
1522 814 1524 818 .

192 855 344 894 tionem
369 853 495 894 ierant
513 852 679 893 obuiam
696 851 886 892 exercitui
904 851 1035 891 missis
1054 850 1178 902 quina
1194 850 1359 890 nomina
1376 849 1490 902 prin

154 928 174 960 6
193 935 288 972 pum
320 919 526 959 seditionis
558 919 668 959 edita
701 925 806 966 sunt,
843 924 889 957 ut
927 930 998 957 eos
1034 930 1105 969 per
1135 915 1304 957 idoneos
1333 914 1497 955 homin

192 985 366 1038 benigno
385 987 498 1025 uoltu
517 998 564 1024 ac
583 997 767 1024 sermone
787 982 829 1022 in
848 982 1067 1034 hospitium
1081 981 1269 1022 inuitatos
1288 979 1467 1032 sopitosq
1492 970 1495 977 '¹

156 1062 172 1097 7
192 1052 290 1092 uino
307 1051 515 1091 uincirent.
573 1051 699 1090 Haud
719 1050 859 1101 procul
877 1051 958 1088 iam
977 1049 1218 1100 Carthagine
1236 1048 1402 1087 aberant
1424 1059 1490 1086 cu

193 1132 242 1157 ex
274 1115 407 1157 obuiis
438 1115 620 1156 auditum
664 1123 825 1167 postero
867 1114 934 1155 die
963 1128 1126 1154 omnem
1165 1112 1379 1153 exercitum
1426 1125 1492 1152 cu
1518 1151 1524 1166 ⁵

194 1185 253 1223 M.
271 1184 406 1223 Silano
425 1181 467 1221 in
486 1183 710 1221 Lacetanos
730 1179 929 1232 proficisci
946 1194 1030 1220 non
1049 1187 1158 1220 metu
1176 1179 1301 1219 modo
1317 1178 1431 1219 omni
1450 1184 1491 1230 qs
1518 1167 1524 1193 ξ

193 1247 336 1288 tacitus
349 1247 550 1288 insidebat
562 1246 705 1287 animis
720 1246 903 1287 liberauit
918 1260 998 1295 eos,
1020 1247 1092 1286 sed
1110 1245 1300 1285 laetitiam
1316 1244 1453 1296 ingent
1483 1243 1487 1247 '

192 1313 285 1354 fecit
314 1314 425 1366 quod
457 1313 583 1364 magis
620 1312 792 1352 habituri
821 1313 952 1352 solum
984 1313 1262 1363 imperatorem
1295 1323 1417 1362 quam
1444 1311 1491 1349 10'

156 1389 174 1419 8
194 1378 314 1419 futuri
329 1378 371 1418 in
382 1386 581 1430 potestate
596 1377 681 1418 eius
702 1385 846 1418 essent.
886 1377 972 1417 Sub
984 1390 1173 1417 occasum
1195 1376 1290 1417 solis
1309 1375 1450 1416 urbem
1467 1375 1480 1385 “’

193 1443 315 1497 gressi
342 1453 435 1484 sunt
464 1443 760 1495 exercitumque
788 1445 956 1483 alterum
983 1451 1189 1495 parantem
1210 1441 1347 1483 omnia
1372 1442 1426 1482 ad
1449 1439 1487 1480 i

157 1525 176 1557 9
195 1510 396 1551 uiderunt.
470 1508 638 1561 Excepti
682 1508 933 1550 sermonibus
971 1510 1023 1548 de
1060 1508 1254 1548 industria
1288 1506 1471 1560 composi
1490 1555 1492 1558 y
1517 1513 1519 1518 ’

196 1577 399 1616 —laetum
419 1583 772 1627 opportunumque
791 1576 1012 1617 aduentum
1032 1588 1170 1614 eorum
1189 1572 1415 1626 imperatori
1442 1590 1450 1594 ·
1472 1574 1489 1618 J

198 1641 310 1693 quod
323 1642 399 1681 sub
418 1640 547 1693 ipsam
566 1641 856 1694 profectionem
874 1638 1034 1681 alterius
1052 1638 1246 1680 exercitus
1264 1631 1483 1683 uenissentss

141 1723 180 1746 10
198 1720 365 1758 corpora
396 1714 547 1747 curant.
604 1707 671 1747 Ab
702 1706 870 1746 tribunis
907 1705 994 1746 sine
1023 1706 1105 1745 ullo
1134 1705 1309 1746 tumultu
1340 1711 1458 1744 aucto
1478 1714 1482 1720 ’

200 1771 405 1812 seditionis
434 1786 506 1824 per
538 1771 706 1813 idoneos
734 1772 917 1812 homines
945 1771 1128 1825 perducti
1154 1771 1197 1811 in
1223 1769 1395 1822 hospitia
1416 1782 1465 1809 co

243 1880 264 1910 3
288 1869 387 1910 culpa
411 1875 484 1901 orta
507 1870 601 1912 (opta
625 1871 675 1913 P)
699 1875 791 1902 esset
814 1870 879 1903 ‘ri-²:
908 1871 1008 1911 culpa
1031 1875 1123 1902 esset
1147 1875 1222 1902 orta
1244 1868 1420 1901 AN.ald.:
1456 1845 1486 1895 ov}
1516 1896 1517 1899 ,

200 1916 301 1954 culpa
316 1918 409 1945 esset
425 1914 566 1946 oFrob.2
585 1915 635 1955 (cf.
652 1925 703 1954 27.
721 1924 774 1955 37.
794 1924 814 1954 5
830 1918 861 1946 et
873 1925 926 1955 29.
945 1925 976 1954 3.
992 1926 1031 1946 10
1046 1914 1167 1953 adnn.)
1343 1924 1364 1954 4
1387 1917 1425 1944 ut
1440 1914 1479 1944 1=i

199 1957 276 1997 Ν]1
292 1961 332 1990 ut
345 1968 371 1990 s,
390 1958 412 1989 l.
429 1959 467 1990 K
479 1957 566 1990 Edd.
581 1970 588 1990 :
613 1964 648 1989 ut
665 1958 768 1990 nichil
785 1958 838 1989 Ν2
854 1959 907 1990 uel
920 1958 998 1990 Nx:
1022 1958 1169 1998 nichil]
1333 1962 1368 1989 et
1383 1955 1462 2000 (cib.
1478 1966 1483 1998 j
1516 1976 1518 1988 .

200 2001 256 2034 N:
281 2003 324 2033 de
341 2001 397 2032 D:
420 2012 487 2033 om.
503 2001 575 2033 N²o
729 2003 859 2033 dierum
875 2001 998 2033 A⁷N⁴0
1013 2002 1100 2035 Edd.
1118 2014 1126 2034 :
1147 2011 1285 2033 aeorum
1300 1999 1381 2032 PC:
1404 2010 1446 2032 eo
1475 2003 1478 2021 '=
1514 2018 1519 2046 ss

201 2044 419 2076 RMBDAN
619 2056 742 2085 parare
760 2046 804 2078 C⁴
821 2046 875 2078 uel
890 2046 919 2078 C
922 2046 979 2077 ΒΜ
982 2046 995 2066 ¹
1012 2046 1067 2088 (ut
1079 2045 1182 2084 credo)
1200 2045 1328 2078 calamo
1342 2045 1412 2076 iam

202 2089 331 2130 effracto
346 2099 432 2119 usus
446 2087 521 2119 AN
531 2087 619 2120 Edd.
635 2101 643 2121 :
667 2100 788 2130 parere
803 2103 831 2122 π
845 2101 853 2122 :
877 2090 988 2130 parari
1003 2090 1041 2121 N
1043 2089 1056 2110 2
1072 2090 1125 2122 uel
1136 2089 1174 2121 N
1176 2089 1210 2121 ⁴0
1356 2097 1376 2129 5
1401 2088 1448 2120 Su
1458 2101 1471 2116 u
1514 2097 1518 2133 ἐ

203 2142 282 2163 nem
301 2132 366 2164 ΠΝ
377 2131 463 2163 Edd.
479 2141 488 2163 z
511 2133 552 2163 ad
569 2143 747 2165 sucronem
765 2133 834 2176 (uel
847 2134 952 2177 sutr-)
968 2136 986 2164 θ
1171 2133 1363 2174 principum
1378 2130 1468 2163 Α”Ν

202 2176 360 2216 principu
375 2175 427 2207 P:
450 2177 642 2217 principibu
658 2177 742 2208 P2B
757 2177 840 2218 (-ib;
858 2178 912 2209 uel
926 2178 1015 2209 -ibus
1033 2176 1292 2219 CRMBDAN)
1477 2195 1478 2199 =

202 2221 226 2251 6
246 2219 408 2251 inuitatos
427 2221 622 2260 sopitosque
642 2220 722 2252 uino
742 2219 864 2251 A⁷N⁴o
879 2221 991 2252 Edd.:
1015 2221 1244 2262 inuitatosque
1265 2220 1354 2264 (-qui
1374 2218 1424 2263 R)
1479 2258 1480 2261 Ἰ
1514 2225 1518 2232 '

204 2263 286 2306 (uno
303 2262 352 2301 D)
369 2262 457 2303 «rm,
475 2264 513 2304 cf.
531 2265 584 2295 26.
602 2273 646 2295 11.
666 2274 703 2295 12
719 2264 801 2295 adn.
815 2264 883 2307 (b):
907 2265 1056 2304 uinoque
1071 2264 1162 2296 AN:
1186 2266 1266 2296 uino
1281 2263 1333 2295 N2
1465 2265 1469 2269 ”

205 2317 224 2347 7
247 2307 314 2338 iam
333 2306 399 2339 ΠΝ
410 2306 520 2339 Edd.:
542 2318 610 2339 om.
627 2310 645 2338 θ
815 2308 858 2340 Μ.
881 2307 948 2340 ΠΝ
959 2307 1082 2348 Aldus,
1100 2309 1136 2350 ‘fi
1153 2319 1176 2341 c.
1192 2318 1219 2340 1.
1237 2317 1279 2348 5:
1301 2307 1381 2339 lelio
1396 2309 1432 2340 02
1446 2321 1468 2332 ’

204 2350 292 2382 Edd.
309 2354 386 2382 ante
399 2350 481 2383 Ald.
671 2351 774 2382 modo
789 2351 1159 2384 A⁷N⁴oald.Fr0b.1.2:
1181 2362 1248 2384 om.
1270 2351 1341 2392 ΠΝ,
1350 2351 1435 2392 sort.
1470 2351 1473 2356 '
1514 2371 1517 2382 ,

350 2405 373 2434 9
396 2395 574 2426 uenissent
590 2394 847 2428 eald.Frob.1.2:
872 2396 1069 2428 euenissent
1087 2395 1154 2428 ΠΝ
1310 2399 1429 2428 curant
1453 2415 1458 2422 ι
1513 2383 1517 2414 3

207 2441 245 2469 ut
258 2448 284 2470 3.
301 2437 324 2469 Ι.
342 2437 572 2479 Sp?oFr0b.2:
596 2443 717 2471 curent
731 2438 883 2472 AN.ald.
1044 2450 1084 2470 10
1104 2439 1159 2470 Ab
1175 2450 1224 2472 w:
1247 2449 1267 2470 a
1281 2438 1371 2472 ANo
