1546 2756
166 171 305 210 XXVI
325 181 379 219 42
398 175 419 208 6
760 170 880 209 TITI
912 170 1030 208 LIVI

236 294 316 332 qua
334 280 375 320 in
395 280 706 332 septentrionem
731 293 846 319 uersa
871 287 931 319 est
954 278 1084 330 posita
1097 293 1108 328 ς
1136 279 1198 319 his
1220 279 1272 319 ab
1299 287 1500 331 tergo—

200 351 217 388 7
236 347 343 386 frons
364 353 504 385 natura
523 353 608 385 tuta
626 346 917 385 erat—uallum
935 344 1151 384 obiectum.
1194 343 1356 384 Etenim
1376 344 1451 386 sita
1497 350 1509 372 ·'

235 412 356 462 thago
375 411 431 451 sic
455 419 525 451 est.
583 411 702 451 Sinus
728 418 787 451 est
817 409 935 449 maris
961 409 1095 449 media
1119 410 1202 449 fere
1229 409 1453 462 Hispaniae
1484 430 1494 445 s

236 476 407 516 maxime
426 476 561 515 Africo
576 483 700 516 uento
714 477 933 527 oppositus,
948 474 1017 526 (ad
1033 476 1116 514 duo
1130 473 1257 527 milia>
1268 482 1308 515 et
1321 474 1468 527 quinge
1478 495 1486 511 ι
1496 475 1505 514 ,ἶ

171 592 175 598 ¹
236 555 374 594 passus
402 541 592 581 introrsus
621 549 822 590 retractus,
851 542 1015 592 paululo
1040 542 1130 591 plus
1157 553 1347 591 passuum
1372 539 1460 592 <mil
1482 545 1505 587 ’.ξ

198 615 217 647 8
236 606 450 661 ducentos)
467 608 508 647 in
528 607 779 647 latitudinem
798 615 950 658 patens.
987 606 1122 646 Huius
1137 605 1178 645 in
1193 606 1297 646 ostio
1310 606 1420 646 sinus

217 668 365 712 insula
391 673 549 712 obiecta
574 673 626 712 ab
648 674 732 712 alto
755 681 916 724 portum
938 672 991 712 ab
1018 671 1208 712 omnibus
1235 671 1368 712 uentis

132 746 170 778 Φ
236 752 356 790 quam
377 740 512 778 Africo
531 745 663 778 tutum
682 738 784 778 facit.
843 739 910 779 Ab
936 738 1080 778 intimo
1105 738 1196 778 sinu
1222 737 1499 792 paeneinsula

167 790 176 801 ⁶
236 805 365 853 currit,
387 806 562 844 tumulus
582 804 615 844 is
635 806 719 856 ipse
738 804 780 844 in
799 818 882 856 quo
901 804 1066 844 condita
1083 804 1178 843 urbs
1198 812 1268 852 est,
1289 804 1342 844 ab
1361 811 1449 845 ortu
1471 807 1499 848 a*

106 871 158 959 S
172 912 184 930 .
235 877 276 910 et
295 884 319 910 a
333 870 496 909 meridie
512 870 643 910 cincta
658 870 756 910 mari
773 887 781 911 :
807 871 860 910 ab
874 884 1020 910 occasu
1036 878 1220 921 stagnum
1234 871 1384 910 claudit
1397 883 1476 922 pau

235 935 355 975 etiam
370 937 422 975 ad
433 936 745 987 septentrionem
760 938 905 984 fusum,
920 936 1094 976 incertae
1107 935 1329 976 altitudinis
1342 935 1492 977 utcum>

236 1009 437 1041 exaestuat
451 1009 519 1041 aut
534 1001 669 1041 deficit
685 1015 804 1041 mare.
856 1000 1092 1042 Continenti
1107 1002 1248 1041 urbem
1263 1000 1400 1052 iugum
1414 1002 1491 1046 dua
1543 1002 1546 1008 '

236 1074 299 1106 tos
327 1068 408 1106 fere
436 1074 475 1106 et
504 1067 794 1118 quinquaginta
821 1081 962 1119 passus
992 1075 1133 1118 patens
1166 1066 1383 1118 coniungit.
1440 1067 1480 1107 V

196 1101 201 1187 i
237 1146 328 1171 cum
349 1140 430 1171 tam
449 1132 560 1183 parui
581 1134 711 1183 operis
732 1132 903 1172 munitio
921 1140 1038 1181 esset,
1059 1145 1143 1172 non
1162 1131 1310 1172 obiecit
1324 1133 1488 1183 uallum¹

236 1205 391 1249 perator
405 1200 624 1246 Romanus,
639 1211 709 1237 seu
729 1198 919 1238 fiduciam
938 1199 1045 1238 hosti
1064 1197 1234 1249 superbe
1253 1205 1480 1239 ostentans·
1533 1248 1536 1254 .

164 1275 218 1314 43
237 1271 281 1303 ut
300 1263 486 1304 subeunti
507 1277 626 1314 saepe
639 1264 693 1303 ad
711 1263 872 1304 moenia
891 1263 1000 1303 urbis
1018 1277 1199 1304 recursus
1219 1271 1379 1316 pateret.
1468 1306 1471 1307 ⁷
1531 1313 1535 1326 ι

236 1343 340 1381 quae
360 1329 578 1369 munienda
596 1336 708 1369 erant
727 1343 821 1368 cum
840 1329 1080 1381 perfecisset,
1101 1343 1226 1369 naues
1245 1329 1366 1370 etiam
1383 1328 1426 1370 in
1456 1340 1483 1384 »s
1530 1327 1535 1339 ⁴

235 1396 345 1434 uelut
377 1394 615 1433 maritimam
645 1408 811 1446 quoque
839 1402 1046 1435 ostentans
1075 1394 1329 1435 obsidionem
1358 1396 1436 1435 inst
1465 1398 1486 1446 3ιζ’
1527 1394 1532 1446 j

235 1459 605 1510 circumuectusque
624 1461 791 1500 classem
813 1474 907 1500 cum
925 1459 1147 1501 monuisset
1162 1462 1380 1512 praefectos
1398 1464 1485 1510 nas?⁴
1528 1451 1531 1463 Ξ

236 1531 279 1564 ut
299 1524 451 1575 uigilias
472 1532 686 1564 nocturnas
707 1525 850 1565 intenti
870 1533 1083 1575 seruarent,
1105 1525 1242 1566 omnia
1265 1525 1417 1578 ubique
1443 1527 1474 1574 ⁸}

199 1606 215 1628 2
236 1590 445 1629 obsessum
464 1590 622 1629 hostem
642 1591 792 1641 conari,
809 1605 1008 1643 regressus
1032 1591 1074 1631 in
1102 1599 1230 1632 castra
1255 1599 1300 1632 ut
1322 1590 1475 1632 consil·
1522 1585 1527 1644 Ξ

280 1689 302 1719 6
324 1686 451 1719 uallum
474 1688 644 1720 obiectum
667 1688 775 1722 Rhen.
799 1689 897 1723 Frob.
921 1701 963 1722 2:
990 1690 1120 1722 nullum
1144 1690 1316 1722 obiectum
1337 1690 1408 1732 Sp:
1443 1687 1468 1724 ι]

236 1731 360 1763 uallum
376 1732 546 1763 obiectum
562 1732 634 1774 (uel
649 1743 681 1765 n.
699 1744 729 1764 o.
750 1744 783 1765 u.
801 1734 854 1764 uel
868 1745 901 1766 ο.
919 1745 954 1765 n.
976 1744 1030 1774 u.;
1055 1733 1095 1766 de
1115 1734 1299 1766 uariatione
1320 1733 1446 1766 ordinate
1466 1738 1470 1740 ’
1518 1771 1519 1774 ¹

231 1775 412 1816 graphium
442 1776 603 1807 indicante
632 1777 670 1817 cf
700 1787 753 1816 27.
785 1788 841 1818 34,
867 1788 887 1817 3
915 1777 1011 1818 adn.)
1039 1778 1213 1810 A²eald.:
1252 1778 1378 1820 duplex
1405 1778 1441 1820 (d
1463 1776 1466 1779 ’

239 1818 357 1860 Gron.)
375 1819 500 1850 uallum
515 1819 685 1851 obiectum
706 1819 810 1852 Grovii¹
825 1817 856 1852 et
870 1820 1018 1853 Sclzelius
1032 1831 1072 1852 ex
1086 1820 1198 1862 Polyb.
1211 1831 1262 1854 10.
1280 1833 1310 1863 9.
1329 1832 1358 1863 7,
1374 1826 1414 1863 op
1435 1821 1463 1831 ”’
1518 1823 1521 1828 ’

237 1863 297 1894 uix
311 1873 427 1895 necess,
577 1874 595 1903 7
621 1864 755 1895 Etenim
773 1864 841 1906 Sp?
856 1865 907 1895 A*
923 1866 1021 1896 Frob.
1039 1876 1081 1897 2:
1106 1870 1257 1898 ceterum
1274 1866 1369 1899 eald.

237 1907 304 1937 duo
327 1906 421 1937 milia
443 1905 607 1947 Sigonius
626 1919 667 1939 ex
685 1907 797 1949 Polyb.
822 1919 872 1940 10.
899 1918 951 1941 10.
971 1919 1011 1941 1:
1033 1909 1192 1950 ignorant
1206 1909 1354 1942 Α’ΘαΙᾱ.
1378 1907 1413 1940 F
1432 1921 1473 1936 12
1515 1924 1517 1927 ·

239 1950 321 1990 (om.
336 1954 370 1980 et
381 1949 496 1991 Edd.),
510 1952 549 1992 cf.
564 1951 620 1993 inf.
636 1956 666 1982 et
677 1962 729 1991 29.
744 1953 796 1986 28.
810 1963 851 1984 10
862 1953 943 1985 adn.
1085 1953 1223 1993 paululo
1238 1953 1310 1995 Sp?
1323 1953 1419 1985 Frob.
1449 1947 1470 1989 2'
1513 1947 1517 1958 ¹

237 2002 292 2033 39.
311 2003 332 2033 3
347 1993 426 2025 adn.
441 2004 450 2024 ι
474 1995 574 2033 paulo
590 1996 737 2027 Azoald.
895 1996 989 2028 mille
1005 2001 1040 2028 et
1057 1997 1228 2029 ducentos
1245 1997 1359 2031 Madv.
1379 1997 1430 2039 (cjt
1454 2003 1464 2038 g

236 2037 257 2068 l.
277 2038 319 2077 c.)
334 2048 341 2068 :
364 2047 431 2069 om.
449 2038 594 2070 A²oald.
612 2039 709 2072 Frob.
724 2050 750 2071 1.
765 2051 784 2071 2
799 2040 849 2081 (cf.
865 2051 916 2081 29.
933 2042 987 2072 28.
1002 2051 1043 2072 10
1058 2041 1155 2083 adn.)
1168 2041 1275 2073 sedab
1287 2041 1337 2072 A*
1348 2044 1430 2082 spat.
1456 2047 1470 2083 j

235 2081 299 2112 xiii
311 2080 382 2121 litt„
400 2081 441 2111 ab
463 2079 519 2111 YZ
533 2087 617 2123 spat.
635 2083 672 2114 vi
684 2083 737 2114 uel
750 2084 796 2114 vii
808 2084 865 2116 litt.
886 2084 1031 2116 relictum
1047 2088 1096 2116 est
1247 2085 1424 2117 latitudin-
1435 2100 1467 2113 ι

236 2123 303 2156 ald.
329 2123 427 2156 Frob.
458 2133 486 2157 1.
515 2135 556 2156 2:
588 2126 765 2158 latitudine
792 2127 843 2158 Z:
875 2129 1054 2160 altitudine
1086 2127 1157 2160 oY:
1188 2127 1228 2159 K
1253 2132 1286 2160 et
1312 2127 1351 2159 Χ
1394 2144 1401 2155 r
1446 2144 1451 2153 ι

237 2166 351 2199 Luchs
489 2168 510 2199 8
535 2169 659 2211 tutum]
678 2170 802 2203 hicald.
818 2171 913 2203 Frob.
928 2181 958 2205 1.
974 2182 994 2202 2
1009 2183 1016 2203 :
1034 2176 1113 2213 post
1128 2177 1262 2212 portum
1276 2171 1352 2205 Ber.
1368 2183 1377 2204 :
1454 2179 1464 2193 ¹
1507 2154 1511 2196 s

383 2213 606 2251 paeneinsula
618 2214 687 2254 (uel
694 2215 792 2254 pen—3
804 2215 883 2246 ΑΖΘ
898 2226 906 2246 :
930 2215 1130 2255 paeninsula
1146 2216 1215 2256 (uel
1223 2215 1321 2258 pen-)
1335 2214 1409 2247 A⁸a
1428 2230 1434 2240 s
1456 2214 1457 2217 ’

240 2264 268 2286 1.
283 2265 302 2285 2
472 2256 608 2295 paulum
623 2257 694 2298 Sp?
710 2257 804 2290 Frob.
822 2269 861 2291 2:
885 2260 1036 2299 patulum
1052 2259 1198 2292 Α’Θαίᾰ.
1374 2258 1433 2292 auli
1448 2259 1449 2262 ’
1503 2271 1508 2299 ,’

237 2297 359 2340 ΞρΡΑ”
373 2298 468 2330 Frob.
487 2310 507 2330 2
524 2310 532 2331 ε
555 2310 620 2332 om.
640 2300 733 2332 eald.
905 2313 927 2342 9
950 2303 1067 2334 urbem
1085 2303 1176 2335 eald.
1194 2301 1289 2335 Frob.
1303 2312 1332 2336 1.
1348 2312 1391 2334 2:
1422 2318 1449 2338 ι,
1502 2303 1507 2317 ’

396 2346 476 2383 post
487 2347 666 2375 ostentans
682 2355 751 2377 om.
768 2343 807 2375 X
817 2347 932 2377 omnia
947 2346 988 2377 ab
1004 2348 1078 2378 siue
1095 2351 1132 2379 ut
1148 2346 1196 2379 ad
1206 2351 1384 2379 ostentans
1399 2345 1453 2389 (ας

283 2391 332 2426 43
357 2395 373 2416 1
400 2386 543 2418 classem
561 2386 612 2428 Sp
626 2387 678 2418 ΑΖ
674 2387 706 2427 J
717 2388 813 2421 Frob.
830 2400 850 2420 2
864 2400 872 2420 ε
897 2390 1007 2422 classe
1023 2389 1310 2424 A⁶?KXYZ.ald.

239 2427 288 2469 Sp
304 2428 398 2461 Frob.
416 2440 436 2460 2
450 2441 459 2462 ε
482 2431 615 2462 interim
631 2431 779 2464 meam.
