1546 2756
506 161 829 202 PRAEFATIO

91 283 142 310 en
161 268 354 310 incertum
374 276 434 309 est
448 283 545 309 num
565 271 623 309 Ta
639 269 814 309 omiserit
825 268 984 322 offirre),
1007 269 1073 309 uix
1092 269 1327 310 crediderim

61 349 101 375 m
114 335 245 386 ipsum
261 337 291 376 Σ
308 334 438 374 fuisse.
478 337 622 386 Neque
642 348 736 374 uero
751 335 803 374 ab
824 334 1027 374 communi
1046 335 1232 374 codicum
1253 336 1287 374 S
1296 339 1329 374 Θ

135 401 192 439 N
193 400 207 420 ⁴
225 399 320 452 etc.)
349 401 563 451 archetypo
592 399 678 452 (Σα)
707 414 798 440 eum
829 399 1051 439 deriuatum
1081 414 1167 440 esse
1196 413 1328 451 neque

30 471 43 474 “
70 479 139 505 um
168 464 280 505 illum
308 465 429 505 fuisse
458 467 552 506 inde
579 467 817 506 sumendum
845 467 916 505 erit
939 465 1079 517 quod
1070 480 1110 504 1n
1134 478 1194 516 27.
1222 479 1278 516 13.
1304 476 1325 515 5

3 525 170 587 ⁴paebet
196 531 254 569 Ta
274 543 416 570 uocem
437 531 612 581 rqferam,
635 544 755 582 quam
776 530 830 569 illi
851 543 991 569 omnes
1011 530 1210 569 omittunt.

3 620 6 621 ν
61 595 259 636 Succurrit
277 603 410 635 autem
431 596 634 644 indicium,
657 597 948 647 qualecumque
967 603 1039 644 est,
1059 609 1129 646 per
1147 596 1257 646 quod
1277 596 1328 634 de

6 643 134 703 ffirma
170 661 401 713 exemplaris
438 661 524 701 eius
554 662 661 701 unde
699 663 754 700 Ta
791 661 1006 712 exscriptus
1045 668 1126 700 erat
1163 660 1326 711 aliquid,

0 715 140 776 bede,
175 726 268 766 licet
300 727 495 767 conicere.
555 729 659 766 Nam
691 725 948 766 Taurinensis
982 727 1083 765 sicut
1112 727 1326 773 Puteanus,

9 791 212 833 Eborabat
231 791 399 832 uocibus
423 791 578 832 omissis
595 807 606 842 ;
631 799 806 832 ceterum
833 792 904 831 Ta²
927 793 1061 844 (longe
1087 792 1187 831 alius
1208 804 1328 842 quam

9 857 126 914 ipiser
150 858 216 897 ille
238 865 434 897 corrector
456 857 536 909 P2)
557 859 712 905 eodem,
743 866 786 897 ut
815 857 983 906 uidetur,
1006 856 1217 908 exemplari
1247 870 1329 908 quo

9 921 156 966 &dicis
177 922 305 962 scriba
330 937 435 972 usus,
457 925 690 974 plerumque
710 923 856 963 omissa
875 922 1053 963 restituit.
1114 925 1174 962 Ex
1193 922 1329 974 paucis

15 976 104 1032 ΓΗ’Ϊίὀ
121 987 196 1027 illis
216 987 314 1028 locis
333 988 402 1028 ubi
421 988 570 1028 codicis
586 988 701 1028 nobis
722 988 861 1028 notitia
881 995 950 1035 est,
968 996 1026 1028 ter
1044 987 1188 1027 accidit
1207 995 1250 1027 ut
1270 994 1329 1026 tot

69 1065 159 1093 erae
176 1052 347 1093 omissae
363 1053 441 1093 sint
457 1062 553 1105 quot
570 1055 609 1093 in
625 1067 783 1094 uersum
805 1056 1051 1093 Puteaneum
1069 1054 1329 1104 quadraturae

44 1137 63 1156 κ
102 1124 118 1158 t
148 1117 262 1172 (uide
293 1131 353 1169 27.
383 1133 442 1160 11.
470 1131 543 1171 15;
584 1131 645 1169 27.
669 1133 731 1170 34.
755 1122 807 1169 63
847 1134 907 1170 29.
933 1133 992 1170 23·
1018 1134 1051 1168 2,
1074 1121 1183 1158 locos
1213 1132 1328 1169 supra

19 1179 278 1236 4”ῐιιοι·ειῐοε).
299 1185 354 1223 At
369 1185 534 1224 fortasse
553 1185 606 1225 ad
628 1196 688 1234 27.
709 1198 770 1236 33.
789 1199 868 1236 3—4
884 1186 1050 1224 lacunae
1066 1198 1185 1224 causa
1197 1197 1329 1224 merae

77 1261 221 1288 rarum
242 1248 491 1289 similitudini
511 1250 609 1302 (ὀμ.)
629 1250 875 1301 adsignanda
894 1250 966 1290 erit
984 1266 993 1291 ε
1022 1251 1170 1290 omissa
1195 1257 1329 1289 tamen

22 1379 185 1420 :vsdem
205 1393 414 1420 mensurae
434 1388 615 1432 poterant
634 1381 818 1433 suppleri.
859 1383 951 1432 Qua
970 1382 1022 1422 de
1042 1394 1175 1430 causa,
1196 1394 1330 1432 quarn-

22 1489 24 1493 1
63 1448 65 1450 ’
154 1445 196 1485 in
215 1445 283 1485 tali
311 1459 354 1486 re
381 1446 479 1485 nihil
508 1460 581 1498 pro
609 1455 717 1486 certo
745 1446 824 1486 dici
854 1454 995 1498 potest,
1032 1448 1139 1486 haud
1168 1446 1251 1486 scio
1278 1459 1329 1485 an

26 1538 28 1540 -
47 1511 146 1551 ¹³ern
165 1510 207 1551 in
228 1513 259 1555 Σ
277 1519 399 1563 atque
418 1511 459 1551 in
478 1514 522 1551 P
535 1512 649 1552 fuerit
669 1525 854 1551 uersuum
876 1512 1122 1563 magnitudo.

41 1571 82 1630 ἓξ
93 1579 156 1628 96.
186 1579 253 1617 De
264 1578 466 1617 Examz'ne
478 1579 697 1616 Lemonum
709 1583 746 1616 et
758 1579 802 1616 de
822 1578 1150 1617 Glossematibus·
1131 1591 1173 1616 tn
1188 1578 1276 1616 Pet
1285 1578 1327 1616 Σ.

27 1655 34 1690 J
54 1687 61 1695 ,Δ
83 1660 88 1675 2
147 1656 186 1682 m
213 1642 331 1694 igitur
350 1643 609 1683 traditionum
636 1642 697 1695 (P
709 1650 750 1683 et
770 1641 818 1695 Σ)
837 1642 1027 1683 lectiones
1048 1657 1138 1682 cum
1160 1644 1237 1682 iam
1258 1655 1329 1692 pro

34 1705 79 1765 (ῥ’
96 1706 105 1715 '
118 1715 228 1760 parte
242 1708 408 1748 conixus
436 1708 485 1748 sit
500 1708 629 1748 editor
643 1708 812 1759 quilibet
827 1716 870 1748 ut
890 1722 991 1760 quae
1012 1708 1167 1759 utrique
1186 1707 1330 1747 fuerint

38 1790 69 1807 ³
86 1773 172 1813 ·riat
191 1773 300 1826 (nam
329 1775 382 1814 ad
410 1776 532 1814 finem
565 1773 675 1813 Libri
701 1776 820 1813 XXX
844 1787 894 1813 ne
920 1775 972 1814 de
997 1775 1040 1813 P
1059 1773 1222 1824 quidem
1252 1774 1329 1812 hoc
1352 1812 1355 1815 ,

49 1828 67 1846 ”
97 1851 119 1878 e
137 1839 295 1890 reperiri
315 1839 475 1892 potest),
497 1846 617 1879 restat
638 1846 680 1879 ut
700 1853 809 1878 nunc
828 1840 932 1878 hanc
947 1853 1053 1878 nunc
1073 1830 1190 1887 iliam,
1213 1846 1329 1890 prout

45 1911 90 1936 θ’·
126 1917 197 1944 ·ue
216 1904 293 1944 loci
320 1905 515 1945 sententia
534 1913 655 1957 atque
675 1904 867 1956 loquendi
888 1918 983 1944 usus
1003 1906 1153 1953 suadet,
1177 1904 1217 1943 in
1238 1918 1329 1944 con-

39 1970 75 1999 ’·
118 1981 157 2007 m
187 1970 396 2009 Liuianum
426 1970 599 2022 recipiat.
658 1972 786 2023 Saepe
815 1970 884 2009 ubi
913 1969 1014 2010 inter
1040 1984 1082 2010 se
1105 1970 1329 2020 discrepant

48 2034 63 2038 ’
132 2032 227 2074 libet
264 2035 382 2075 lectio
420 2036 564 2087 poterit
599 2036 716 2076 Liuio
749 2035 923 2076 attribui.
985 2037 1134 2075 Neutra
1172 2035 1330 2075 traditio

44 2103 89 2131 «ῧι
112 2101 302 2139 ·mnenda
330 2107 389 2140 est
403 2115 414 2150 3
441 2109 581 2141 neutra
609 2101 766 2141 mendis
797 2109 856 2141 sat
886 2101 1039 2152 magnis
1065 2115 1148 2140 non
1171 2108 1230 2140 est
1249 2113 1330 2140 cor—

42 2174 86 2196 Ἀ·
107 2180 112 2195 2
189 2165 243 2203 At
268 2166 395 2204 codex
423 2168 453 2209 Σ
482 2167 646 2206 sortasse
672 2166 877 2218 aliquanto
906 2165 1078 2206 curatius
1099 2174 1137 2205 et
1160 2179 1183 2205 a
1203 2165 1330 2205 scriba

50 2244 59 2259 ο
76 2247 91 2259 u
105 2226 185 2267 iore
221 2230 439 2282 descriptus
478 2240 550 2271 est.
625 2233 737 2282 Quot
780 2232 887 2272 enim
925 2240 965 2272 et
1002 2239 1151 2283 quanta
1188 2230 1330 2270 fuerint

64 2312 94 2345 „¹
112 2310 144 2327 σε
170 2294 336 2334 Puteani
353 2297 454 2335 inter
469 2309 610 2336 omnes
630 2305 797 2337 constat.
830 2298 909 2338 Sed
930 2296 1075 2337 talibus
1095 2296 1128 2336 si
1147 2309 1228 2335 non
1249 2303 1330 2335 tan-

61 2352 229 2421 'ffnendis
244 2366 284 2399 et
296 2360 477 2400 codicem
495 2364 525 2405 Σ
540 2362 782 2402 laborauisse
797 2375 820 2402 e
833 2362 926 2402 folio
942 2361 1179 2402 Monacensi
1200 2368 1330 2412 potest

50 2436 57 2449 ·
129 2422 493 2476 udi-quamquam
523 2439 671 2466 errores
697 2426 754 2467 ibi
779 2428 994 2466 nonnullos
1013 2426 1087 2478 ipsi
1108 2427 1144 2467 S
1158 2424 1240 2479 (uel
1260 2426 1329 2478 2⁰¹>

628 2502 715 2530 'arxi
