1546 2756
105 158 244 198 XXVI
265 157 296 198 6
317 175 355 208 15
701 159 820 198 ΤΙΤῙ
853 158 971 198 LIVI

178 282 320 308 norum
333 282 476 318 narras,
494 268 563 307 ubi
579 282 759 308 summus
775 270 904 308 honos
918 269 970 307 ad
983 268 1108 307 filium
1120 281 1256 307 meum
1270 268 1498 319 perueniet.

121 338 161 370 16
181 335 239 373 Ea
258 333 476 373 ludificatio
495 333 578 373 ueri
599 340 641 374 et
660 334 745 386 ipsa
763 334 805 373 in
825 348 964 373 uerum
989 332 1106 373 uertit
1118 347 1131 382 ς
1158 347 1253 373 nam
1277 347 1372 374 curn
1395 335 1504 374 fam
1544 344 1546 359 ³

179 400 360 450 ferroque
379 406 613 450 urgerentur
636 413 714 440 nec
740 413 830 450 spes
850 400 931 438 ulla
953 406 1177 450 superesset
1195 397 1280 439 sisti
1298 397 1436 452 <posse
1454 397 1494 438 i·
1544 388 1546 408 ³

178 465 247 514 qui
271 463 372 515 nati)
398 466 439 503 in
467 477 584 516 spem
612 466 810 504 honorum
838 471 949 504 erant
975 465 1149 503 honores
1176 464 1500 504 detractantibus*

122 534 159 571 17
179 529 345 568 Loesius
388 532 598 580 querendo
640 532 837 570 desertam
878 543 926 568 ac
969 529 1167 581 proditam
1204 543 1230 570 a
1264 529 1455 582 primorib

178 593 375 646 Capuam,
397 610 600 637 summum
615 596 884 648 magistratum
899 595 1060 634 ultimus
1080 594 1262 636 omnium
1281 596 1495 648 Campan·

177 673 268 699 rum
289 664 405 713 cepit.
1501 699 1503 702 Α

29 743 46 755 -
136 725 162 768 7
250 727 438 767 Ceterum
468 727 685 776 Hannibal,
711 735 755 767 ut
779 741 854 767 nec
880 728 1015 766 hostes
1041 726 1131 766 elici
1155 726 1327 778 amplius
1353 727 1408 767 ad
1435 730 1502 779 pu‘

183 805 302 842 gnam
326 793 426 832 uidit
452 807 583 843 neque
606 807 676 844 per
701 800 828 832 castra
854 806 991 832 eorum
1014 793 1215 843 perrumpi
1241 793 1296 832 ad
1323 792 1465 843 Capua
1489 803 1504 826 ι·

149 869 163 891 2
184 871 311 908 posse,
334 871 384 897 ne
404 872 496 897 suos
517 871 678 909 quoque
697 865 943 897 commeatus
971 857 1280 897 intercluderent
1297 856 1396 897 noui
1414 870 1464 898 co

185 925 300 972 sules,
322 924 537 963 abscedere
563 923 680 963 inrito
706 923 868 974 incepto
894 931 933 963 et
960 937 1124 964 mouere
1149 937 1175 963 a
1202 923 1345 975 Capua
1371 922 1492 963 statui

148 995 167 1026 3
186 997 322 1029 castra.
381 990 513 1028 Multa
543 1003 678 1028 secum
709 1002 884 1041 quonam
912 989 1006 1028 inde
1035 989 1092 1029 ire
1120 996 1300 1041 pergeret
1326 990 1493 1029 uoluen

186 1053 306 1093 subiit
325 1054 502 1093 animum
521 1054 692 1106 impetus
719 1062 837 1106 caput
859 1054 990 1105 ipsum
1019 1054 1115 1094 belli
1139 1057 1312 1095 Romam
1333 1055 1494 1106 petend

185 1119 299 1159 cuius
328 1120 383 1159 rei
412 1134 567 1171 semper
599 1115 756 1171 cupitae
785 1120 1102 1171 praetermissam
1132 1119 1384 1162 occasionem
1417 1133 1492 1172 po

188 1185 441 1225 Cannensem
461 1199 636 1236 pugnam
664 1192 704 1224 et
730 1185 794 1224 alii
819 1187 1040 1225 fremebant
1063 1193 1103 1225 et
1122 1184 1208 1237 ipse
1226 1198 1309 1224 non
1328 1184 1466 1225 dissim
1491 1215 1494 1219 ⁴
1528 1208 1529 1212 =

150 1257 171 1288 4
188 1250 318 1290 labat:
347 1249 586 1301 necopinato
605 1263 752 1301 pauore
767 1264 813 1289 ac
830 1253 1003 1290 tumultu
1018 1264 1102 1290 non
1114 1264 1201 1290 esse
1215 1251 1467 1302 desperandu
1477 1247 1495 1294 -J

151 1321 169 1354 5
188 1314 361 1365 aliquam
381 1323 533 1366 partem
552 1315 659 1355 urbis
679 1315 865 1366 occupari
891 1329 1022 1366 posse,
1042 1322 1082 1355 et
1106 1315 1139 1354 si
1166 1317 1299 1355 Roma
1317 1315 1360 1355 in
1377 1316 1439 1355 dis
1490 1366 1492 1370 y
1526 1359 1528 1371 k

188 1379 296 1420 mine
315 1388 428 1428 esset,
452 1382 631 1432 Capuam
651 1383 851 1432 extemplo
870 1382 1087 1420 omissuros
1110 1387 1179 1420 aut
1200 1380 1322 1421 ambo
1346 1379 1454 1432 impe
1481 1400 1484 1404 ·
1526 1402 1528 1406 ·

189 1453 294 1485 tores
313 1447 519 1486 Romanos
538 1453 606 1486 aut
625 1448 790 1486 alterum
810 1460 858 1486 ex
882 1446 956 1497 iis3
983 1454 1024 1487 et
1049 1446 1083 1487 si
1111 1446 1340 1487 diuisissent
1361 1445 1466 1498 copi
1485 1453 1489 1480 .'
1524 1451 1529 1501 J

191 1519 401 1562 utrumque
420 1511 675 1551 infirmiorem
695 1514 843 1552 factum
868 1520 937 1552 aut
963 1512 1038 1552 sibi
1064 1520 1133 1552 aut
1161 1511 1379 1565 Campanis
1407 1512 1458 1553 be
1480 1511 1486 1559 ζ

238 1618 278 1648 15
303 1620 420 1641 narras
436 1609 652 1642 qrAvmldus
666 1622 673 1641 ε
697 1621 761 1642 om.
779 1611 834 1641 Αθ
848 1622 856 1642 z
880 1612 1058 1651 praedicas
1074 1610 1162 1645 Edd.
1179 1615 1254 1644 ante
1269 1610 1351 1644 Ald.

195 1654 235 1683 16
257 1653 332 1684 sisti
347 1653 464 1696 (posse
480 1654 520 1685 iis
536 1655 593 1694 qui
610 1652 696 1696 nati)
711 1654 744 1685 in
758 1665 853 1694 spem
866 1655 1058 1696 Alschefski,
1073 1656 1195 1696 optime
1204 1656 1353 1697 uestigiis
1362 1654 1450 1687 edit·
1475 1658 1482 1662 ”
1521 1663 1525 1694 j

193 1695 303 1727 Colon.
325 1706 406 1736 1525
422 1698 593 1728 insistens:
616 1698 690 1729 sisti
706 1698 739 1728 in
757 1708 852 1737 spem
872 1699 920 1730 Πθ
937 1699 1009 1740 (sed
1021 1709 1084 1739 spe
1099 1700 1132 1740 θ)
1150 1698 1237 1731 linea
1253 1709 1300 1731 xv
1314 1699 1374 1731 litt.
1390 1699 1430 1731 ob
1445 1718 1457 1727 -
1473 1698 1487 1732 ,ἦ
1520 1695 1524 1726 ἶ

193 1739 234 1770 -ti
257 1740 402 1771 omissa:
425 1741 499 1772 sisti
527 1742 559 1771 in
583 1742 731 1781 speciem
757 1742 905 1775 AxEdd.
925 1743 1071 1783 plerique
1091 1746 1167 1774 ante
1188 1742 1302 1785 Mog.:
1330 1743 1372 1774 iis
1395 1743 1452 1783 qui
1477 1750 1479 1752 ’
1518 1774 1523 1778 ⁴

193 1793 288 1822 spem
303 1783 350 1814 ed.
371 1784 461 1824 Mog.
482 1786 564 1824 1518
584 1789 614 1815 et
632 1785 764 1817 Aldus:
787 1786 828 1817 iis
852 1787 908 1825 qui
931 1787 1003 1817 nati
1026 1787 1059 1818 in
1082 1797 1179 1826 spem
1202 1786 1251 1819 ed.
1278 1786 1391 1819 Colon.
1412 1796 1473 1828 152

193 1826 262 1858 Per
281 1827 479 1868 Alschefskii
498 1828 756 1860 emendationem
778 1829 914 1861 lacunae
937 1840 1038 1860 causa
1056 1833 1158 1871 patet,
1180 1830 1220 1871 ef
1237 1831 1268 1863 8.
1294 1840 1345 1871 37.
1367 1840 1409 1862 12
1427 1828 1487 1862 aas
1519 1844 1521 1850 ·

193 1874 223 1901 et
250 1869 360 1911 Praefl
397 1874 434 1909 ἐξ
457 1882 575 1911 43-45.
632 1872 795 1913 Exempla
826 1874 860 1903 in
894 1873 952 1904 hoc
982 1877 1070 1904 tomo
1101 1875 1236 1915 reperies
1261 1874 1313 1917 (a)
1344 1874 1432 1905 linea
1472 1891 1486 1913 ε,,
1518 1903 1521 1915 ,

194 1913 229 1944 in
252 1913 286 1944 P
305 1915 511 1946 omissurum
534 1926 555 1946 a
578 1915 628 1957 Sp
649 1917 875 1948 restituturum
899 1917 946 1948 ad
970 1928 995 1949 c.
1017 1927 1070 1957 51.
1095 1919 1116 1949 8
1137 1918 1227 1958 adn„
1256 1917 1304 1960 (b)
1324 1917 1384 1950 ubi
1402 1918 1438 1949 in
1478 1925 1483 1958 Ἰ
1518 1916 1521 1922 ”

194 1958 336 1988 omissae
357 1958 457 1988 lineae
471 1969 492 1989 a
510 1959 543 1990 F
562 1960 725 1991 restitutae
744 1964 826 1991 sunt
845 1960 893 1991 ad
912 1962 964 1992 28.
986 1971 1016 1993 2.
1038 1962 1078 1992 16
1100 1961 1192 2002 adn„
1217 1961 1261 2003 (c)
1284 1961 1342 1993 ubi
1357 1966 1417 2003 per
1435 1972 1478 2003 ⁶.

194 2001 348 2032 iecturam
364 2001 464 2032 lineae
479 2006 517 2033 ut
530 2002 582 2033 hic
593 2003 663 2034 siue
675 2003 717 2034 ab
731 2004 806 2034 aliis
820 2005 890 2035 siue
901 2015 923 2035 a
940 2005 1032 2036 nobis
1047 2005 1271 2037 restituuntur
1281 2004 1330 2037 ad
1343 2008 1360 2044 ξ
1371 2006 1392 2037 8
1406 2015 1449 2037 su
1459 2021 1479 2042 ν,
1515 2002 1520 2010 ’

194 2047 276 2076 etcc.
292 2046 375 2084 9.6;
395 2055 443 2076 12.
459 2055 567 2084 2313.
585 2057 606 2086 9
621 2050 651 2077 et
668 2057 728 2086 15;
749 2057 796 2087 15.
814 2059 833 2086 4
849 2059 857 2087 ;
875 2058 924 2087 17.
944 2049 1053 2088 5;18.
1075 2059 1092 2089 7
1107 2060 1115 2088 ;
1131 2059 1185 2081 21.
1203 2059 1384 2090 14;22.2;
1400 2057 1452 2089 25.
1470 2087 1473 2091 .

195 2097 248 2126 27.
270 2089 326 2125 16;
351 2098 404 2128 29.
421 2099 479 2127 1o;
503 2090 556 2128 38.
571 2091 649 2130 4(‘?)
667 2102 675 2130 ;
698 2101 750 2130 39.
768 2102 808 2122 22
825 2095 854 2122 et
867 2101 909 2130 23
925 2104 932 2130 ;
954 2094 1005 2131 46.
1023 2102 1062 2132 13
1085 2103 1139 2132 27.
1156 2103 1210 2133 27.
1230 2102 1292 2132 13;
1315 2102 1366 2132 27.
1379 2094 1432 2126 28.
1449 2094 1474 2124 1'
1514 2111 1517 2133 ᾗ

195 2140 247 2170 27.
264 2132 316 2170 48.
339 2141 396 2171 14;
413 2142 466 2172 27.
483 2142 537 2172 50.
558 2143 588 2173 13
606 2135 658 2164 28.
678 2144 707 2174 3.
725 2145 778 2173 14;
798 2136 850 2167 28.
867 2144 916 2175 15.
934 2136 1012 2176 9(‘?)
1026 2147 1034 2175 ;
1050 2137 1103 2168 28.
1122 2147 1174 2177 29.
1192 2146 1231 2167 12
1243 2138 1308 2178 (?);
1324 2137 1376 2168 28.
1394 2145 1447 2176 34.

194 2184 246 2213 29.
265 2176 316 2206 26.
335 2183 355 2214 5
370 2186 378 2214 ;
393 2186 445 2214 30.
466 2186 497 2214 4.
517 2186 555 2215 5;
572 2188 624 2217 30.
644 2187 672 2217 7.
689 2178 725 2216 63
741 2188 794 2217 30.
808 2188 863 2217 30.
878 2189 932 2218 21;
952 2189 1004 2218 30.
1018 2181 1070 2219 36.
1085 2181 1108 2211 6
1122 2191 1130 2219 ;
1146 2190 1201 2220 30.
1215 2190 1267 2221 42.
1281 2190 1302 2220 4
1413 2190 1433 2211 e
1459 2182 1475 2205 J
1513 2173 1516 2189 ¹

196 2217 291 2249 nald.
307 2229 315 2249 ε
340 2223 412 2249 erat
426 2219 497 2250 A⁷o

238 2267 259 2302 7
282 2272 302 2291 2
327 2262 511 2294 abscedere
528 2262 800 2295 C2RM23DA0:
824 2265 1031 2297 abscendere
1046 2265 1199 2298 PCR²M
1319 2277 1340 2307 3
1362 2271 1464 2308 ᾳιιοῖ

193 2302 396 2337 A⁷0Aldus2
418 2317 484 2346 quo
499 2307 562 2337 iam
582 2307 748 2338 nAvEdd.
762 2312 838 2338 ante
848 2309 881 2338 A
886 2308 928 2340 ld.
978 2309 1198 2350 Quamquam
1205 2310 1416 2352 pronominis
1433 2324 1454 2337 υ
1511 2335 1514 2339 -

194 2347 334 2379 Liuium
352 2350 461 2390 magis
475 2360 578 2389 quam
594 2349 818 2381 Hannibalem
833 2351 935 2381 decere
946 2356 1052 2391 potest
1066 2353 1180 2394 uideri,
1195 2354 1264 2385 ideo
1277 2358 1387 2386 tamen
1399 2364 1437 2386 u
1450 2371 1470 2391 ἡ
1512 2371 1513 2375 ’

197 2391 261 2422 iam
276 2392 336 2422 uix
349 2393 400 2423 hic
412 2393 595 2433 scrfflturus
612 2396 682 2423 erat
699 2404 740 2423 ne
759 2394 833 2433 quis
853 2394 918 2424 iam
941 2395 1021 2425 inde
1036 2401 1100 2436 pro
1115 2406 1158 2427 ex
1173 2397 1231 2428 illo
1246 2402 1399 2438 tempore
1413 2397 1441 2429 ι’
1459 2397 1466 2430 J
1509 2421 1513 2428 .

191 2439 382 2475 pretaretur.
430 2435 482 2466 De
497 2446 572 2466 nam
589 2439 619 2465 et
634 2436 697 2466 iam
715 2437 860 2475 confusis
875 2439 912 2477 cs.
929 2448 952 2469 c.
970 2449 1022 2478 49.
1042 2449 1100 2478 12;
1118 2449 1171 2480 29.
1189 2441 1222 2472 8.
1238 2451 1278 2481 93
1294 2451 1348 2481 3ο.
1363 2451 1413 2482 19.
1428 2441 1454 2473 6
1470 2449 1472 2466 ἰ

195 2486 216 2517 5
240 2484 273 2509 et
290 2479 318 2508 si
336 2478 476 2520 (Roma)
493 2478 638 2509 M¹A⁷ez
663 2480 694 2509 ei
712 2479 740 2509 si
760 2480 785 2511 Π
803 2491 810 2511 :
834 2481 861 2510 si
879 2481 943 2511 ald.
1469 2483 1471 2486 ’
