1546 2756
0 0 72 186 ξ
546 143 870 183 PRAEFATIO

12 260 36 307 ξ
51 264 160 294 nono
178 254 359 293 nondum
379 252 571 292 defecisse
590 259 696 291 ratus
711 250 953 292 ¹—extrema
972 251 1037 291 ina
1056 251 1186 303 capita
1201 251 1325 303 (43-4
1329 250 1370 303 5)

14 308 43 371 ἓξ]
51 317 276 360 exciderant
286 332 310 358 e
325 319 541 358 Romano
530 332 610 357 lam
628 324 843 368 antequam
862 317 957 357 inde
972 318 1100 356 codex
1114 332 1139 356 r
1150 317 1369 367 descriptus

12 372 137 441 '73'31est;
162 383 276 423 cuius
300 382 422 434 ipsius
448 383 598 423 codicis
626 390 846 423 extremum
869 383 1006 422 folium
1035 384 1112 422 iam
1138 384 1297 422 saeculo
1323 393 1369 420 XI

12 449 154 490 male
180 448 373 498 habitum,
405 450 566 488 saeculo
592 459 656 487 ΧΠ
685 449 798 499 peius
827 447 1053 487 mutilatum
1082 455 1176 487 erat.
1181 448 1194 468 ²
1250 446 1369 488 Certe

28 513 253 567 [quaerenti
279 514 377 565 quid
405 514 575 566 (praeter
603 514 644 553 id
673 514 784 565 quod
812 513 854 552 in
882 527 939 552 cc.
965 516 1096 565 37—38
1116 512 1258 564 exstat)
1279 519 1369 565 post

31 592 84 620 vc.
99 594 150 632 30
165 579 388 631 praebuerit
404 581 604 618 Puteanus
623 579 738 619 adest
756 593 883 630 usque
902 579 954 619 ad
973 592 1006 618 c.
1025 593 1074 628 42
1096 578 1368 618 testimonium

33 631 131 686 ’non
146 646 279 684 solum
296 643 518 684 Colbertini
537 645 608 684 sed
631 644 750 684 etiarn
766 644 952 693 Romani,
969 658 1040 695 per
1054 658 1079 683 r
1091 643 1240 683 scilicet
1255 643 1369 683 tradi-

49 717 157 751 tum:
185 717 278 762 post
295 723 330 750 c.
351 723 401 759 42
425 709 592 749 Puteani
611 723 823 761 personam
846 711 952 749 solus
971 711 1069 761 gerit
1091 709 1357 750 Colbertinus.

102 775 122 826 ᾗ
139 776 203 815 88.
232 777 299 815 De
323 775 453 814 Codice
474 775 652 826 Spirensi
673 775 724 813 ab
744 775 937 813 Rhenano
958 775 1128 813 adhibito
1147 772 1251 826 (Sp).
1310 775 1370 812 Ex

31 842 188 896 „codice
213 840 388 891 Spirensi
414 853 520 878 nunc
551 840 722 892 (praeter
748 853 874 879 unum
903 839 1060 890 folium)
1085 839 1293 889 deperdito
1323 851 1370 877 ea

31 897 151 962 {quae
168 910 314 946 Beatus
336 906 556 945 Rhenanus
581 906 774 956 excerpsit
794 905 965 956 praefixa
984 912 1076 944 sunt
1097 903 1369 943 Frobenianae

33 968 169 1025 interi,
190 985 298 1011 anno
332 983 430 1022 1535
458 983 482 1009 a
508 970 764 1022 sigismundo
787 971 956 1010 Gelenio
984 969 1142 1018 editae,
1169 976 1289 1020 atque
1313 968 1369 1007 in-

20 1027 184 1078 *ididem
209 1037 400 1076 lectiones
418 1037 612 1088 quasdam
641 1035 780 1075 silente
801 1036 920 1075 etiam
949 1033 1177 1074 Rhenano
1167 1048 1208 1073 m
1227 1034 1368 1074 eadem

38 1095 224 1143 {editione
259 1101 418 1141 uidetur
454 1102 685 1152 complexus
724 1113 811 1140 esse
849 1099 1051 1140 Gelenius.
1109 1101 1175 1140 Ad
1213 1099 1367 1139 initium

32 1174 179 1208 autern
202 1166 506 1206 adnotationum
532 1179 691 1205 suarum
715 1165 785 1218 (ad
814 1165 955 1206 Libros
974 1167 1143 1205 XXVI-
1145 1167 1262 1204 XXX
1288 1178 1370 1216 per-

32 1225 277 1286 sjtinentium)
292 1233 391 1272 haec
404 1233 625 1272 Rhenanus
640 1233 853 1283 praefatur:
883 1235 893 1253 ‘
904 1233 1019 1282 Quod
1028 1245 1096 1271 nos
1106 1233 1212 1271 nacti
1212 1233 1370 1282 suimus

40 1308 69 1340 e
91 1298 211 1349 Spira
236 1297 454 1337 Liuianum
483 1299 681 1349 exemplar
704 1311 753 1336 ex
765 1298 1002 1348 fragmentis
1030 1298 1368 1336 uetustissimorum

123 1365 207 1402 'cum
223 1364 423 1402 saltuatim
441 1364 668 1412 descriptum
683 1363 886 1400 uidebatur
894 1363 1124 1414 praesertim
1138 1363 1179 1400 in
1194 1363 1261 1400 hoc
1273 1363 1368 1401 libro

61 1468 65 1469 ⁷
114 1434 150 1467 to
160 1429 326 1467 Decadis
340 1428 483 1466 tertiae.
513 1428 622 1465 Nam
635 1427 788 1465 initium
802 1427 1009 1466 uoluminis
1014 1426 1169 1477 fecerat
1182 1427 1369 1465 librarius

26 1472 75 1545 ΞΕ
81 1495 280 1546 particula
307 1507 426 1545 quam
456 1507 524 1532 nos
549 1494 621 1532 uix
648 1495 801 1532 tandem
824 1494 865 1532 in
891 1493 1012 1531 medio
1037 1493 1134 1531 libro
1162 1495 1370 1543 reperimus

38 1550 222 1614 {ibruptis
235 1560 371 1599 uerbis.
406 1560 506 1599 Cum
519 1572 564 1598 ea
579 1559 802 1597 cohaerebat
810 1559 959 1608 aliquot
960 1559 1120 1609 paginis
1135 1559 1369 1599 intermediis

47 1624 141 1670 &bn
137 1625 249 1676 finis.
305 1625 459 1664 Deinde
468 1637 551 1662 cum
566 1625 765 1674 septimum
777 1625 919 1662 librum
933 1625 1099 1674 conferre
1113 1625 1364 1675 coepissemus,

41 1684 183 1740 {terum
197 1690 435 1742 particulam
454 1689 671 1727 inuenimus
689 1701 784 1739 quae
804 1690 860 1727 ad
873 1694 1020 1728 sextum
1043 1690 1185 1728 librum
1201 1691 1368 1741 pertine-

47 1751 123 1795 bat.
188 1756 278 1795 Vide
300 1756 442 1794 miram
465 1754 730 1804 confusionem.
786 1755 874 1793 Nos
901 1755 942 1792 in
969 1755 1030 1792 bis
1057 1756 1368 1794 adnotationibus

47 1823 268 1861 &xcusorum
297 1821 460 1860 codicum
474 1820 488 1840 ⁸
521 1820 691 1858 ordinem
725 1819 943 1869 sequimur)
999 1819 1052 1858 Et
1085 1826 1170 1858 turn
1203 1819 1365 1870 quidem

48 1878 322 1927 ‘adnotationes
349 1885 484 1925 scribit
510 1884 604 1924 inde
630 1884 684 1923 ab
715 1887 777 1924 26.
800 1898 861 1934 30.
884 1898 909 1935 9
935 1897 1062 1934 usque
1088 1886 1140 1924 ad
1172 1887 1232 1924 26.
1255 1898 1318 1935 31.
1343 1900 1363 1924 2

42 1949 256 2004 (ἀίεηιίίΐ),
276 1959 367 2002 post
392 1964 496 2002 quae
525 1951 729 2001 ‘ingentem
747 1951 891 1988 saltum
903 1950 913 1969 ’
933 1949 1060 2000 inquit
1081 1953 1090 1970 ‘
1102 1951 1170 1988 lzoc
1186 1951 1260 1988 loco
1271 1950 1369 1999 fecit

47 2012 232 2059 ,b‘bran'us
244 2017 558 2068 quemadmodum
568 2018 692 2068 paulo
707 2021 796 2054 ante
812 2016 1054 2054 meminimus
1064 2015 1073 2033 ’
1089 2029 1101 2063 3
1128 2028 1259 2066 neque
1274 2023 1366 2055 ante

49 2088 84 2127 e.
104 2095 168 2130 41.
189 2084 236 2120 18
257 2082 523 2134 (auspiciisque
540 2081 590 2133 et)
611 2094 712 2132 opus
731 2093 847 2120 suurn
867 2081 919 2119 de
939 2081 1090 2131 integro
1111 2080 1309 2128 instaurat,
1327 2087 1366 2120 et

92 2206 107 2228 ¹
129 2207 212 2239 Vide
229 2210 246 2247 ς
264 2209 316 2247 84.

92 2257 108 2280 ²
128 2257 229 2299 Quod
247 2259 420 2291 Mediceus
437 2260 502 2291 iam
520 2260 553 2291 in
571 2270 599 2291 c.
616 2262 667 2292 26.
691 2270 730 2290 10
746 2259 881 2298 desinit,
894 2259 983 2290 haud
997 2258 1067 2290 scio
1078 2269 1122 2290 an
1134 2258 1165 2289 id
1179 2258 1363 2289 scribarum

52 2303 206 2352 pigritiae
222 2311 434 2342 tribuendum
454 2313 521 2350 sit3
543 2312 604 2343 sed
629 2311 772 2343 forsitan
795 2311 942 2343 conicias
964 2310 1135 2342 recentius
1152 2320 1250 2349 quam
1275 2320 1365 2340 rex-

52 2355 213 2402 &ciprum
228 2372 305 2393 esse
322 2362 370 2402 M,
390 2373 465 2394 cum
482 2365 547 2394 iam
564 2363 660 2404 plura
677 2363 755 2394 solia
772 2373 816 2393 ex
833 2362 867 2394 R
882 2362 1100 2394 excidissent.

63 2425 66 2426 ⁷
90 2410 106 2435 ⁸
117 2412 203 2445 Cum
213 2413 361 2446 editione
372 2414 479 2446 altera
486 2414 736 2460 Aldlna,(1521)
748 2414 946 2455 Spirensem
954 2413 1152 2445 conserebat
1164 2413 1363 2444 Rhenanus.

675 2470 738 2509 xix
