1546 2756
473 196 855 236 CORRIGENDA
884 196 957 233 ET
984 195 1270 234 ADDENDA

213 316 266 346 28.
284 324 336 355 23.
355 324 375 354 4
391 313 470 345 adn.
487 313 536 345 ad
547 312 696 355 flamma]
709 317 772 354 pro
786 311 835 343 Ν*1
845 312 911 353 Iege
924 311 962 342 N

214 367 266 398 28.
284 377 336 406 39.
350 376 372 406 3
391 365 469 397 adn.
487 365 535 397 ad
547 365 606 407 ad]
618 369 681 406 pro
696 364 722 397 Π
741 365 806 405 lege
821 377 850 396 π

213 419 264 450 28.
284 428 336 458 41.
355 428 376 457 3
394 417 472 449 adn.
490 416 538 448 ad
551 415 720 457 exercitu]
731 418 810 456 post
823 414 859 446 D
874 418 905 446 et
917 418 993 446 ante
1006 413 1058 445 ΛΤ
1072 413 1157 446 adde
1171 413 1203 447 S

214 483 266 512 29.
289 482 337 504 12.
357 482 377 502 2
393 471 471 503 adn.
488 471 537 502 ad
549 471 668 502 decem
683 481 729 501 m.
748 469 846 511 ped.]
866 471 951 501 inter
963 469 1015 500 A⁸
1029 473 1061 501 et
1074 472 1092 500 θ
1106 469 1191 501 adde
1205 468 1248 501 H

213 534 266 564 29.
287 534 337 563 19.
354 532 373 563 5
389 523 469 555 adn.
488 523 536 554 ad
548 522 788 564 quererentur]
800 527 865 563 pro
881 521 961 564 (sed
978 521 1113 565 quaer-)
1127 521 1195 563 lege
1209 521 1284 565 (sed
1294 521 1432 566 quaen)

214 586 265 615 29.
285 585 338 615 34.
359 585 379 606 2
397 575 475 607 adn.
492 575 540 607 ad
552 574 604 617 ut]
616 579 680 616 pro
698 574 750 615 (ut
765 573 961 616 uniuersae)
977 573 1044 615 Iege
1061 578 1097 605 ut
1114 573 1328 617 (uniuersae)

212 637 265 667 3ο.
287 636 319 666 5.
338 638 356 667 7
373 627 449 658 adn.
466 626 514 658 ad
525 627 653 669 haesit]
665 631 729 668 pro
750 627 835 658 ‘om.
852 626 913 667 inf.
929 626 971 657 H
974 624 1037 657 Vo'
1054 626 1120 668 lege
1136 627 1145 643 ‘
1156 636 1225 659 om.
1240 630 1278 658 et
1291 626 1351 668 inf
1367 625 1476 658 HVo’
1534 648 1536 658 2

211 688 269 718 30.
290 689 339 710 10.
361 689 399 717 14
414 678 492 710 adn.
509 677 557 709 ad
569 678 662 719 ipsae
678 678 827 720 tantum]
840 683 903 719 pro
919 678 1015 718 ipsae
1035 679 1102 720 (-sa
1116 677 1158 722 C)
1173 690 1203 711 π
1217 676 1284 720 lege
1298 678 1395 719 ipsae
1411 677 1483 721 (-sa
1501 683 1539 710 ἂψ

298 734 392 762 tanto
404 743 432 763 π
1519 732 1524 744 ”

211 791 265 821 3ο.
287 792 334 813 11.
352 783 374 813 6
388 781 466 814 adn.
484 780 533 813 ad
545 781 641 824 dein]
656 786 719 823 pro
737 782 762 813 Π
781 781 846 822 lege
859 793 888 814 π

211 843 264 872 30.
286 844 334 873 14.
351 844 373 874 9
389 833 486 875 adm]
503 839 565 875 pro
578 834 612 864 A
631 833 697 875 lege
711 833 763 864 ΑΓ

212 894 264 924 3ο.
281 895 335 925 33.
352 895 373 925 3
389 884 468 917 adn.
487 884 533 916 ad
546 895 587 916 ea
603 885 699 927 tunc]
713 888 791 926 post
811 885 1010 926 ‘ambaguo'
1027 884 1095 927 lege
1109 883 1174 928 (o),
1190 894 1258 918 non
1275 884 1329 929 (o)

1335 939 1532 1035 amffi}

816 2527 928 2567 xxxvi
