1546 2756
527 152 852 192 PRAEFATIO

88 260 194 303 teani
211 261 453 313 descriptum
469 275 581 310 esse3
611 262 654 301 id
673 261 784 313 quod
802 261 870 301 uix
882 261 1065 301 dubitare
1084 261 1232 314 poteris
1251 275 1344 302 cum

15 321 63 379 ἶζι
97 341 203 368 rum
239 328 310 367 ubi
346 342 473 368 unum
510 328 576 367 uel
613 329 746 379 plures
783 341 923 367 uersus
966 327 1103 368 omisit
1144 329 1346 367 Puteanus

15 386 133 442 ³
145 393 275 433 minus
300 394 364 432 lxx
383 392 620 444 exempla¹
609 391 820 441 inueneris,
841 406 947 444 quae
965 393 1019 432 ad
1040 395 1104 432 26.
1127 405 1189 443 51.
1212 395 1236 432 8
1251 394 1344 432 adn.

19 458 164 510 ξ’
245 459 297 497 Et
323 459 466 497 horum
495 457 660 509 quidem
690 459 871 496 locorum
899 465 991 496 sunt
1021 456 1112 496 xxiii
1141 456 1211 496 ubi
1231 457 1344 496 abest

64 524 154 562 ..nis
181 522 257 562 alia
276 523 487 562 omittendi
513 523 716 562 excusatio
741 521 781 575 (i.
786 535 820 562 e.
842 520 912 561 ubi
940 535 1061 562 uoces
1089 535 1173 561 non
1200 522 1299 561 ob‘
1283 541 1345 573 ομ.

22 583 134 628 *fl-od
152 595 299 628 uocant
321 587 492 628 omissae
515 587 638 639 sunt).
696 587 869 627 Necnon
897 585 1007 626 idem
1036 586 1131 626 inde
1158 586 1347 626 concludi

23 648 154 697 5²⁶¹·test
182 651 292 702 quod
320 652 372 690 ad
403 653 464 690 28.
497 665 532 701 9.
568 664 644 689 12—
650 663 696 701 13
727 657 766 690 et
799 651 861 689 28.
894 661 955 699 27.
989 662 1010 700 5
1051 649 1107 702 (et
1140 649 1252 701 alibi)
1288 649 1347 688 bis

23 710 82 771 ζ“’·ι
100 717 184 756 ·bet
218 718 418 755 Puteanus
447 729 532 755 non
568 729 662 755 suos
697 714 819 767 ipsius
852 728 990 754 uersus
1020 715 1092 755 sed
1122 728 1270 762 uersus,
1304 724 1346 753 ut

93 789 189 830 etur,
210 781 456 833 exemplaris.

33 838 67 893 ,ᾗ
77 847 164 887 Iam
196 847 249 886 de
278 845 492 897 exemplari
519 845 778 886 Taurinensis
807 845 916 886 idem
942 846 1074 886 conici
1097 859 1217 897 posse
1235 859 1347 886 mon-

33 911 58 964 j‘j
71 930 89 945 κ
101 911 142 951 ui
161 911 197 964 (§
217 912 296 963 95).
337 912 448 962 Quid
467 925 564 951 uero
578 912 631 952 de
646 911 721 950 illis
742 925 845 963 quae
865 911 906 950 in
927 911 1139 951 traditione
1159 911 1347 962 Spirensi-

42 983 88 1026 s:
117 976 273 1025 omissa,
295 976 337 1015 in
356 979 400 1016 P
414 978 597 1028 suppleta
620 978 744 1016 sunt?
791 978 986 1027 Exempla
1005 976 1186 1016 inuenies
1205 978 1258 1016 ad
1282 979 1344 1016 28.

94 1045 140 1083 16
173 1044 265 1082 adn.
296 1043 475 1091 collecta,
510 1056 680 1094 quorum
716 1041 758 1081 in
795 1041 975 1094 plurimis
1009 1041 1076 1080 uix
1112 1041 1190 1081 alia
1227 1055 1346 1081 causa

249 1115 331 1148 erat
350 1108 571 1160 quam·‹‘>,u..2
609 1108 733 1158 Quod
753 1106 786 1146 si
806 1109 916 1146 locos
936 1108 1073 1157 quales
1096 1109 1158 1145 28.
1180 1121 1240 1158 19.
1262 1121 1283 1146 2
1306 1114 1346 1146 et

35 1159 58 1232 ’ἶ
104 1176 166 1224 36.
181 1176 204 1213 8
223 1187 380 1214 necnon
401 1174 662 1226 (quamquam
681 1175 741 1224 ὁμ.
758 1172 888 1224 adest)
906 1177 968 1223 30'.
991 1186 1050 1222 13.
1069 1186 1118 1220 14
1138 1180 1177 1212 et
1198 1187 1260 1223 30.
1281 1184 1343 1223 37.

38 1239 288 1292 ᾖμεΡεκετίε,
310 1239 457 1279 indicia
475 1241 609 1290 aliqua
628 1237 797 1278 habebis
817 1238 926 1276 unde
946 1238 1057 1288 quod
1075 1238 1128 1277 de
1153 1238 1280 1277 forma
1305 1244 1344 1277 et

74 1298 82 1312 ³
103 1303 171 1344 cis
191 1306 222 1347 Σ
241 1312 280 1344 et
299 1304 421 1356 ipsius
442 1304 627 1344 codicum
647 1306 692 1343 P
706 1310 746 1344 et
766 1304 796 1346 Σ
826 1303 1029 1355 archetypi
1052 1302 1157 1342 iam⁸
1177 1302 1344 1343 conieci-

89 1388 103 1403 <
129 1370 351 1409 confirmari
371 1383 489 1422 posse
509 1369 704 1409 uideatur.

2 1463 4 1467 ,
93 1468 95 1470 .
113 1437 176 1486 98.
206 1436 412 1474 Postremo
440 1436 666 1474 monendus
703 1441 764 1474 est
801 1435 926 1474 lector
955 1448 1007 1474 ne
1039 1435 1175 1474 credat
1204 1448 1344 1474 omnes

78 1542 94 1549 ,
107 1517 134 1533 ν.
174 1501 187 1538 i
206 1513 365 1548 errores,
387 1513 527 1539 omnes
542 1501 729 1539 codicum
751 1501 775 1540 θ
793 1502 858 1539 uel
877 1508 1099 1540 ceterorum
1120 1499 1160 1539 in
1181 1501 1343 1540 adnota-

47 1555 60 1585 Ψ
81 1589 97 1613 .·
109 1563 194 1605 ‘bus
206 1565 348 1604 criticis
364 1565 506 1604 nostris
522 1564 696 1604 inclusos
712 1579 810 1605 esse.
841 1566 971 1604 Multa
983 1566 1204 1605 omittenda
1219 1573 1340 1614 erant,

59 1625 65 1680 J
79 1626 152 1674 ,ea
161 1637 315 1669 tantum
330 1630 475 1669 omissa
487 1643 591 1682 quae
607 1630 765 1670 leuioris
780 1632 973 1670 momenti
986 1644 1072 1670 esse
1085 1630 1343 1682 uidebantur3

10 1735 11 1743 ¹
51 1684 144 1735 ‘³³71’
163 1703 204 1736 et
233 1695 255 1735 θ
282 1695 350 1746 qui
379 1697 492 1746 plura
519 1697 604 1735 uolt
634 1709 887 1747 cognoscere,
916 1698 1096 1735 consulat
1125 1663 1343 1736 editionem

10 1805 15 1813 ¹
157 1759 194 1800 ii.
226 1761 276 1800 Id
295 1760 426 1812 potius
447 1774 519 1799 nos
540 1761 692 1812 egimus
714 1769 756 1800 ut
779 1761 1023 1812 ubicumque
1041 1761 1340 1802 adnotationem

11 1867 14 1878 ι
81 1833 125 1873 'jv
144 1825 246 1865 imus
276 1825 331 1866 ibi
362 1827 598 1877 proferretur
631 1826 830 1878 quidquid
869 1826 1096 1866 uariationis
1127 1835 1208 1867 erat
1242 1828 1343 1868 inter

0 1932 10 1952 k
60 1905 209 1931 mones
237 1891 414 1931 omnium
442 1891 599 1932 illorum
624 1892 813 1932 codicum
837 1906 939 1942 quos
958 1893 1275 1942 adhibebamus3
1303 1902 1342 1934 et

70 1961 120 2012 ζ’·
137 1975 142 1989 2
165 1970 211 1996 ex
226 1965 334 2007 parte
354 1970 484 1997 mores
504 1957 690 1997 codicum
706 1966 827 2009 atque
842 1971 960 1997 usum
980 1958 1193 1998 Liuianum
1206 1959 1342 1999 tironis

115 2036 129 2050 ν.
167 2020 355 2070 exemplis
385 2019 592 2060 inlustrare
621 2020 755 2060 conati
784 2034 935 2060 sumus.
1008 2022 1141 2071 Quam
1175 2020 1231 2061 ob
1258 2035 1341 2061 rem

168 2084 219 2124 de
246 2086 550 2124 emendatorum
580 2085 818 2126 coniecturis
857 2085 1042 2138 quamuis
1080 2086 1188 2125 scitis
1223 2098 1342 2137 saepe

71 2138 134 2190 -Ῐκε
148 2161 183 2188 e
201 2156 282 2188 erat
301 2149 424 2189 silere.
1359 2196 1363 2199 μ

141 2231 169 2254 ·.
200 2215 337 2254 Restat
366 2215 444 2254 iam
473 2216 602 2255 solum
635 2223 678 2256 ut
706 2223 746 2256 et
774 2215 952 2257 Conwaii
982 2223 1022 2256 et
1054 2229 1147 2256 meo
1179 2216 1342 2255 nomine

195 2326 207 2349 ¹
233 2328 318 2360 Sunt
330 2333 365 2360 et
380 2329 446 2360 alia
461 2340 550 2369 quae
566 2330 598 2360 in
614 2330 717 2362 adnn.
735 2331 865 2371 poteris
883 2331 1084 2372 comperire.

95 2403 103 2409 „.
123 2403 127 2422 3
194 2379 209 2400 ²
231 2380 320 2412 Sunt
334 2381 436 2412 etiam
454 2391 542 2421 quae
560 2381 657 2413 malis
674 2382 818 2414 sortasse
832 2383 940 2414 codici
958 2385 1003 2416 Σαι
1018 2383 1205 2422 adsignari.

194 2429 209 2452 ³
230 2431 318 2464 Vide
335 2435 374 2472 ἐξ
391 2433 444 2473 85,
462 2434 514 2473 89,
533 2442 586 2472 95·

694 2488 734 2528 ..i
1209 2501 1233 2527 c
