1546 2756
668 136 993 177 PRAEFATIO

172 251 296 302 pergit
316 250 479 301 quidem
499 261 627 299 usque
645 248 698 287 ad
717 260 750 287 c.
770 261 834 297 43.
854 249 877 284 6
894 245 963 298 (ad
981 244 1070 297 fin.)
1085 259 1097 295 ;
1126 244 1223 285 inde
1242 245 1347 285 ‘lzt‘c'
1363 238 1507 297 inquit

174 318 328 354 ‘deerat
343 316 495 366 pagina
520 319 593 353 aut
611 314 782 364 amplius
806 313 849 351 in
873 311 1091 361 exemplari
1109 324 1231 350 manu
1255 311 1394 362 scripto
1406 311 1428 360 ',
1453 317 1513 362 et}

172 388 390 432 sequuntur
408 379 687 419 adnotationes
705 379 757 418 ab
778 392 811 418 c.
835 380 899 426 46.
924 391 943 415 2
968 377 1140 427 (intentis
1157 375 1347 429 omnibus)
1364 389 1503 428 usque·

170 448 223 486 ad
239 448 358 485 finem
379 445 499 484 Libri.
559 447 610 483 Et
627 444 670 483 in
692 444 813 483 Libro
833 444 995 482 XXVII
1012 448 1102 493 post
1122 442 1424 482 adnotationem
1438 442 1510 486 ads

173 525 207 550 c.
233 522 267 560 7.
293 523 342 558 14
361 509 544 560 scriptam
566 510 665 548 haec
685 508 808 548 uerba
828 508 1016 547 Rhenani
1038 505 1248 546 inuenies:
1281 506 1361 546 ‘hic
1372 520 1510 558 unam.¹

162 578 352 628 paginam
366 576 377 597 ¹
391 577 589 615 transilire
601 578 718 615 coacti
719 576 878 625 fuimus
890 576 936 614 ob
949 575 1128 623 desectum
1139 574 1311 624 quierat
1320 574 1362 614 in
1374 582 1507 613 exem-³

161 643 281 694 plari
304 656 423 681 manu
442 643 626 692 scrzjzbto'3
659 655 790 692 neque
818 640 1009 680 lectiones
1038 642 1175 679 denuo
1196 638 1374 690 excerpit
1398 646 1505 680 ante
1545 677 1546 680 ,

170 709 290 747 finem
307 707 443 759 capitis
461 722 483 758 9
500 707 535 759 (§
562 721 620 756 14,
636 707 734 745 idem
749 705 889 758 socios),
904 707 1012 745 unde
1025 704 1154 756 pergit
1168 718 1296 756 usque
1313 705 1367 745 ad
1382 696 1503 758 Libris

171 776 288 812 XXX
308 787 340 812 c.
367 776 425 812 16.
451 787 469 812 1
485 787 497 822 3
525 773 589 811 hic
610 772 743 812 subito
763 771 919 819 desinit,
942 772 1014 810 sed
1038 785 1137 810 num
1157 771 1270 822 plura
1287 769 1330 810 in
1350 771 1495 812 codice

170 838 313 878 fuerint
349 839 451 877 celat
488 839 654 877 silendo.
731 838 989 888 Quamquam
1034 835 1150 887 igitur
1186 849 1271 875 non
1307 842 1495 877 accurate
1505 829 1509 843 ²

170 903 337 954 explicat
367 905 585 942 Rhenanus
614 910 807 954 quantum
838 901 1013 954 Spirensi
1042 899 1212 950 infuerit,
1238 900 1331 941 licet
1355 907 1494 943 tamen·

169 982 216 1007 ex
234 968 556 1008 adnotationibus
577 968 660 1007 eius
680 969 778 1007 haec
798 967 871 1006 tria
890 968 1152 1007 concludere:

221 1032 269 1085 (i)
299 1033 339 1073 Si
351 1047 452 1085 quae
465 1033 656 1085 Spirensis
669 1033 760 1073 folia
772 1034 823 1072 ad
836 1034 1005 1084 priorem
1019 1039 1172 1083 partem
1183 1031 1302 1072 huius
1313 1027 1503 1073 Decadis‘*

168 1100 231 1139 uel
250 1100 302 1138 ad
328 1099 482 1138 initium
510 1099 618 1138 Libri
638 1101 777 1138 XXVI
800 1098 895 1137 olim
921 1098 1204 1150 pertinuerant,
1224 1111 1274 1138 ea
1292 1097 1372 1137 iam
1395 1102 1493 1138 ant

168 1165 367 1203 saeculum
388 1176 461 1203 XVI
481 1163 615 1204 omnia
634 1171 745 1203 erant
765 1162 984 1214 deperdita.

223 1228 283 1281 (ii)
313 1231 406 1268 Pars
426 1230 621 1280 quaedam
649 1228 757 1268 Libri
783 1229 1056 1268 XXVII—ad
1075 1236 1264 1269 octauum
1289 1230 1431 1270 saltem
1449 1242 1495 1270 e
1529 1237 1533 1262 Ξ

167 1307 317 1333 nonum
337 1294 465 1344 capita
479 1294 935 1345 pertinens—defecerat
955 1293 996 1333 in
1018 1294 1203 1346 Spirensi,
1225 1308 1301 1335 nec
1318 1294 1447 1336 dubiu
1472 1314 1497 1343 ι,Ἰ

166 1363 296 1406 potest
326 1369 411 1396 esse
444 1357 541 1407 quin
572 1356 613 1395 in
646 1357 780 1396 locum
818 1355 904 1396 eius
941 1356 1063 1407 partis
1096 1356 1336 1409 transposita
1372 1356 1471 1397 fueri
1482 1376 1494 1390 1·
1526 1384 1529 1391 ·

169 1423 179 1441 ‘
191 1422 380 1472 particula
393 1423 403 1439 ’
421 1421 487 1461 illa
505 1423 626 1461 altera
646 1421 767 1472 (circa
784 1424 845 1461 26.
862 1435 929 1471 41.
950 1422 1131 1462 18—circa
1148 1426 1211 1463 26.
1227 1437 1294 1475 43.
1309 1422 1352 1476 6)
1366 1436 1395 1476 q
1429 1450 1436 1458 -
1457 1442 1479 1459 ι·

167 1484 385 1523 Rhenanus
405 1483 446 1523 in
466 1484 586 1524 Libro
605 1486 770 1524 XXVII
792 1498 835 1524 se
853 1486 1073 1535 repperisse
1091 1492 1270 1527 testatur.

219 1547 294 1600 (iii)
326 1552 335 1569 ‘
349 1548 631 1588 Particularum
644 1551 653 1568 ’
673 1549 827 1588 illarum
854 1550 963 1589 Libri
983 1552 1123 1590 XXVI
1144 1558 1284 1591 neutra.
1301 1550 1344 1592 in
1363 1565 1446 1592 unu
1471 1572 1479 1587 ι
1522 1576 1525 1592 ι

166 1613 304 1652 folium
334 1614 455 1665 ipsius
486 1614 680 1665 Spirensis
711 1616 931 1665 quadraust,
964 1616 1036 1655 sed
1063 1617 1192 1656 codex
1219 1624 1260 1656 et
1288 1624 1487 1669 perturb
1521 1642 1525 1668 ἰ

167 1678 338 1718 tionibus
367 1679 597 1731 exemplaris
623 1686 663 1720 et
686 1680 840 1720 lacunis
868 1681 1054 1721 laborans
1077 1681 1271 1723 continua
1296 1684 1417 1736 script
1464 1696 1484 1706 “
1520 1669 1523 1692 ³

166 1750 343 1782 exaratus
363 1751 432 1783 est.

219 1809 321 1859 §89.
350 1811 415 1848 De
453 1811 629 1860 Spirensi
661 1813 798 1862 plura.
857 1813 1062 1853 Lacunam
1105 1813 1401 1866 Spirensianam
1447 1813 1458 1824 ”

165 2133 283 2183 partis
324 2133 431 2172 Libri
479 2136 639 2175 XXVII
685 2136 856 2178 omissae
904 2140 1182 2190 transpositam
1225 2142 1267 2180 in
1309 2143 1471 2194 Spirenif
1511 2174 1513 2178 .

165 2197 335 2248 repperit
373 2200 603 2248 Rhenanus,
635 2200 721 2251 ipsa
757 2201 824 2242 illa
861 2210 920 2242 est
953 2217 1057 2254 quae
1094 2205 1262 2246 Puteani
1298 2207 1459 2246 lacun-

166 2264 322 2313 supplet
342 2263 452 2315 (uide
471 2265 526 2314 §8
531 2266 583 2315 5).
642 2268 823 2307 Fortasse
848 2270 931 2309 duo
951 2269 1017 2309 illa
1038 2270 1132 2310 folia
1151 2273 1203 2311 de
1222 2273 1434 2324 compagib
1460 2276 1472 2305 ί

166 2328 303 2375 soluta,
334 2341 436 2379 quae
465 2330 633 2369 scribam
667 2333 914 2372 Puteaneum
943 2334 1109 2374 omnino
1138 2336 1372 2386 fefellerunt,
1403 2339 1457 2377 ia

384 2408 396 2428 ¹
421 2409 478 2441 I.e.
498 2411 656 2450 paginam
675 2412 726 2454 (ut
742 2413 825 2456 uid.)
845 2414 1004 2447 editionis
1021 2415 1111 2448 illius
1126 2415 1283 2450 Aldinae.

795 2483 844 2507 XX
