1546 2756
663 162 733 200 PR
740 159 987 199 AEFATIO

166 282 274 316 certo
292 272 490 314 adfirmari
518 278 667 323 potest:
697 284 748 310 ne
772 283 893 308 unam
915 267 1078 320 quidem
1105 265 1275 306 Puteani
1299 266 1488 306 lacunam

166 348 233 380 aut
248 341 299 380 ab
320 341 434 380 Caut
452 338 505 378 ab
519 338 575 377 P*
590 337 648 376 P⁵
667 342 735 375 aut
754 336 806 375 ab
828 333 1003 374 Medicei
1022 331 1311 372 correctoribus
1329 333 1464 383 suppl
1486 332 1491 338 ²

167 413 246 445 tam
268 419 366 444 esse.
423 403 462 444 Si
483 417 562 454 qua
588 401 654 441 hic
681 402 746 440 uel
775 400 841 439 ille
868 399 998 439 scriba
1026 397 1241 437 lectionem
1260 396 1314 436 ab
1334 397 1365 440 Σ
1385 395 1491 437 deri

167 478 299 510 uatam
315 484 336 510 e
351 469 568 520 nescioquo
587 467 667 506 alio
680 466 822 506 codice
840 463 1063 516 adsumpsit
1083 463 1211 516 (quod
1225 463 1278 503 de
1299 463 1338 503 C
1345 464 1445 503 salte

167 542 206 575 et
225 537 301 574 ΜΞ
321 547 478 586 prorsus
497 533 693 572 incertum
712 530 800 583 est),
824 531 971 570 menda
990 529 1084 568 satis
1103 527 1314 580 perspicua
1333 540 1490 582 sempe

167 601 392 651 corrigebat.
1483 595 1486 602 ’

221 667 239 717 ξ
260 668 307 716 87
327 678 360 705 B.
392 666 455 704 De
471 665 665 704 Codz'cz‘bus
680 665 728 702 ab
740 665 920 702 Romano
937 661 1135 702 derz'uatt's.
1194 661 1245 700 In
1260 661 1336 700 hac
1350 660 1447 700 salte
1472 663 1491 693 ι’

168 739 276 783 parte
299 732 470 770 Decadis
490 732 617 770 codex
637 729 847 769 Mediceus
866 742 949 768 non
968 742 993 768 a
1018 730 1201 768 Puteano
1227 727 1317 778 ipso
1341 726 1412 766 sed
1438 739 1480 765 a

170 799 355 836 Romano
382 796 475 847 (iam
499 796 550 834 ab
571 795 632 833 R²
651 793 848 845 correcto)
874 793 1075 833 deriuatus
1102 800 1172 832 est.
1233 793 1490 842 Quamquau-

169 859 275 899 enim
298 859 338 897 in
365 858 493 897 Libris
519 859 765 897 XXI—XXV
791 856 938 896 indicia
963 856 1162 907 quaedam
1189 853 1344 894 inuenit
1382 848 1484 895 Con²

169 924 286 964 waius
310 923 454 974 quibus
482 924 665 963 codicem
685 923 746 961 M
756 935 804 961 ex
823 921 968 972 Pipso
998 920 1242 971 descriptum
1267 933 1356 960 esse
1381 914 1483 959 mon¹

170 996 315 1036 straret‚
339 988 379 1027 in
399 989 459 1027 his
479 995 612 1027 tamen
641 987 769 1026 Libris
795 1000 879 1026 non
898 994 958 1026 est
978 986 1145 1025 dubium
1166 985 1263 1037 quin
1283 984 1340 1024 ibi
1360 986 1480 1024 solu·-
1516 1013 1519 1040 ξ

169 1055 219 1093 ab
232 1056 272 1092 R
287 1054 349 1092 uel
365 1053 423 1091 R²
439 1052 557 1091 distet
579 1051 788 1091 Mediceus
803 1051 874 1091 ubi
886 1053 989 1091 ultro
1003 1064 1155 1090 nouum
1174 1049 1327 1101 aliquid
1345 1048 1462 1089 intuli
1472 1061 1488 1083 ν·

169 1119 278 1169 quod
298 1117 427 1168 ipsum
440 1129 594 1167 semper
614 1115 790 1154 Romani
810 1115 934 1166 magis
947 1128 1068 1166 quam
1089 1113 1258 1153 Puteani
1276 1114 1480 1154 lectione-v
1514 1136 1517 1152 ι

170 1184 329 1222 redolet.
377 1181 564 1234 (Respuit
580 1181 742 1232 quidem
757 1180 975 1232 aliquando
995 1179 1172 1219 Medicei
1188 1179 1318 1219 scriba
1336 1178 1453 1219 conie
1463 1196 1484 1216 ι
1513 1205 1514 1208 =

169 1256 274 1287 turas
292 1247 344 1286 ab
362 1247 425 1285 R2
443 1247 637 1298 profectas
665 1245 723 1297 (ut
750 1259 823 1297 e.g.
846 1245 887 1284 in
909 1247 971 1285 26.
992 1259 1057 1296 39.
1081 1243 1133 1296 5),
1157 1245 1228 1285 sed
1255 1245 1482 1297 plerumqu
1512 1234 1517 1275 ῗ

170 1312 201 1351 si
222 1312 317 1363 quid
343 1311 408 1351 hic
427 1310 639 1362 temptauit
662 1309 864 1350 inuenitur
883 1312 1003 1351 etiam
1024 1310 1065 1350 in
1085 1310 1168 1362 M.)
1226 1313 1279 1351 Et
1298 1310 1378 1351 iam
1396 1310 1478 1352 sati
1511 1331 1515 1356 :-

170 1377 311 1429 protuli
332 1377 512 1427 exempla
527 1375 592 1428 (87
609 1374 652 1427 A)
672 1377 780 1416 unde
801 1378 1031 1416 Mediceum
1047 1376 1100 1416 ab
1115 1377 1158 1416 R
1170 1375 1385 1417 oriundum
1404 1390 1446 1417 es
1510 1365 1513 1400 'a

170 1443 387 1493 adgnoscas
403 1455 415 1490 ς
456 1449 495 1480 et
528 1454 576 1480 ex
614 1441 766 1481 eisdem
800 1449 839 1480 et
871 1443 1061 1481 sescentis
1100 1441 1187 1481 aliis
1201 1441 1213 1463 ¹
1252 1442 1295 1482 id
1328 1451 1484 1495 quoqu
1510 1454 1512 1465 ²

171 1521 242 1558 pro
266 1514 373 1545 certo
400 1507 514 1545 statui
538 1513 681 1557 potest,
711 1508 897 1546 BDAN
913 1520 1053 1547 omnes
1079 1507 1132 1548 ab
1157 1508 1256 1548 ΚΜ
1279 1521 1366 1548 esse
1390 1506 1474 1549 de''

171 1571 312 1611 uatos.²
1473 1577 1476 1583 ’
1509 1567 1511 1572 “

216 1665 346 1696 Nouem
360 1668 488 1696 tantum
501 1664 594 1697 locos
607 1665 641 1697 in
656 1666 710 1698 his
724 1667 834 1699 Libris
844 1668 953 1699 adhuc
966 1668 1082 1699 inueni
1095 1667 1186 1700 unde
1199 1667 1335 1708 colligat
1347 1668 1447 1701 forta
1467 1685 1472 1696 a
1506 1702 1509 1713 Ι

171 1717 293 1758 aliquis
319 1717 461 1748 scribam
488 1717 614 1749 codicis
638 1718 682 1749 M
701 1717 786 1760 (Ml)
810 1730 830 1750 a
854 1720 1009 1751 Puteano
1034 1721 1108 1760 ipso
1133 1720 1244 1761 potius
1268 1730 1368 1760 quam
1391 1720 1434 1752 ab
1469 1715 1480 1747 ι’
1505 1755 1508 1767 ³

172 1770 345 1810 pendere:
369 1769 421 1800 26.
440 1779 470 1809 3.
492 1779 507 1800 1
526 1770 607 1811 (aeq’
625 1769 679 1802 P:
703 1782 805 1812 aeque
823 1771 902 1804 CR:
925 1783 1003 1814 aeq:
1027 1772 1070 1803 M
1084 1772 1200 1815 (sic));
1226 1773 1282 1804 26.
1303 1773 1335 1804 6.
1361 1781 1399 1813 15
1420 1773 1472 1814 (u·
1505 1767 1507 1773 ¹

172 1821 337 1853 medelam
356 1821 486 1851 scribae
506 1820 555 1851 R²
573 1826 665 1853 recte
686 1823 839 1862 neglexit
855 1823 899 1855 M
909 1835 970 1856 noe
989 1829 1025 1856 tu
1051 1825 1245 1866 scribendo,
1265 1828 1301 1856 et
1319 1834 1400 1856 casu
1415 1831 1481 1856 θυι

171 1872 206 1904 R
213 1871 225 1892 ²
241 1872 409 1904 consentit
430 1871 498 1913 C);
523 1873 573 1905 26.
598 1875 651 1906 28.
674 1885 708 1906 11
727 1876 795 1916 (pr.
818 1875 880 1907 PC
890 1888 897 1907 :
916 1882 978 1918 per
995 1876 1119 1909 RBD:
1139 1882 1173 1918 p.
1201 1876 1251 1917 M,
1267 1877 1325 1918 qui
1350 1886 1469 1909 sensu

173 1925 336 1965 expedire
357 1929 497 1955 conatus
516 1925 607 1966 est);
632 1937 684 1966 27.
712 1936 743 1967 5.
769 1929 808 1958 18
833 1928 904 1970 (ubi
930 1939 1090 1970 quemque
1111 1929 1220 1961 facilis
1242 1919 1453 1970 lapsuserat
1475 1963 1477 1965 ,
1502 1948 1504 1952 ι

175 1987 226 2016 27.
248 1986 275 2015 7.
297 1987 314 2016 7
332 1976 406 2017 (ubi
422 1974 475 2006 M1
492 1975 566 2016 ipse
578 1982 669 2009 recte
681 1990 742 2019 que
752 1981 908 2023 mutauit)
924 1991 932 2020 ;
955 1991 1008 2021 27.
1023 1991 1076 2021 29.
1094 1991 1112 2020 7
1128 1980 1203 2023 (ubi
1214 1991 1294 2013 casu
1306 1981 1437 2022 scripse
1464 1969 1469 2006 ,⁴
1502 1972 1505 1983 ¹

216 2079 228 2100 1
251 2079 338 2111 Vide
357 2082 373 2118 §
391 2080 432 2119 87
450 2090 474 2111 A
496 2080 552 2122 (de
574 2080 810 2123 Colbertino);
836 2082 876 2114 cf.
896 2083 996 2114 etiam
1013 2093 1078 2123 e.g.
1099 2093 1144 2114 ex
1167 2082 1271 2115 Libro
1295 2082 1413 2115 XXVI
1462 2069 1477 2122 ,

173 2142 225 2172 31.
246 2143 305 2170 10;
329 2141 382 2171 34.
404 2141 444 2171 7;
470 2141 520 2171 39.
539 2133 582 2171 83
605 2143 657 2171 41.
676 2134 713 2171 6;
739 2144 783 2164 ex
810 2134 910 2165 Libro
934 2135 1070 2166 XXVII
1088 2145 1139 2166 cc.
1157 2136 1189 2167 8.
1209 2145 1270 2175 17;
1298 2145 1349 2174 13.
1366 2137 1412 2174 63
1437 2128 1468 2166 1'
1498 2116 1503 2175 i

177 2194 236 2223 143
260 2194 303 2214 ex
321 2183 422 2214 Libro
435 2183 556 2214 XXIX
573 2194 623 2215 cc.
640 2195 671 2216 2.
689 2195 709 2215 2
725 2196 732 2224 3
762 2196 810 2216 12.
825 2187 867 2225 ὃς
890 2197 944 2226 37.
966 2196 1014 2218 12.
1064 2187 1204 2228 Optime
1218 2187 1366 2228 denique
1377 2197 1423 2219 ex
1433 2180 1467 2227 3

174 2246 205 2275 3.
224 2246 243 2265 2
259 2236 342 2266 haec
359 2246 415 2267 res
431 2236 655 2267 demonstrari
674 2242 797 2277 potest.

218 2286 231 2306 ²
255 2287 332 2318 Hoc
343 2287 407 2318 iam
422 2288 463 2318 de
475 2288 573 2319 codd.
586 2287 619 2317 Β
629 2293 663 2319 et
676 2289 770 2330 N(in
782 2290 898 2329 paucis
914 2294 1046 2321 tantum
1064 2290 1148 2322 locis
1158 2300 1179 2322 e
1193 2291 1327 2323 Luchsii
1337 2291 1442 2323 editio
1453 2289 1469 2316 ·’
1497 2291 1499 2299 '

175 2338 314 2379 prolatis
327 2338 523 2370 testimonia
538 2349 655 2370 eorum
669 2342 847 2383 expertus)
866 2342 993 2382 optime
1005 2343 1199 2375 coniecerat
1213 2342 1249 2375 F.
1262 2342 1319 2376 W.
1334 2342 1452 2384 Shiple
1469 2332 1471 2334 ,

174 2390 308 2422 Studies
331 2391 365 2421 in
386 2391 436 2421 the
453 2390 559 2422 MSS.
577 2391 618 2430 of
631 2393 683 2423 the
704 2393 808 2424 Third
825 2393 951 2425 Dec-ade
966 2394 1007 2435 of
1016 2393 1101 2435 Livy
1115 2394 1291 2438 (Classical
1302 2394 1461 2431 ΡΜῙΟῙΟΛ
1495 2424 1498 2435 2

175 2442 240 2475 vol.
257 2442 300 2482 iv,
319 2453 376 2475 no.
394 2453 423 2482 4,
443 2443 602 2484 October,
624 2445 733 2486 1909).

803 2501 866 2538 xiv
