1546 2756
729 169 1051 210 PRAEFATIO

229 279 370 331 gratias
390 279 576 331 plurimas
594 292 710 330 agam
728 277 803 318 illis
823 277 1009 318 omnibus
1024 276 1269 330 quicumque
1287 278 1330 318 in
1347 278 1425 319 hac
1452 296 1483 314 οι

230 346 346 384 huius
367 345 536 384 editonis
555 344 826 385 adiutamenta
846 343 962 383 nobis
987 345 1216 385 attulerunt.
1275 344 1429 384 Iterum
1446 354 1526 385 co

230 411 487 449 memoranda
507 417 567 449 est
593 409 757 460 insignis
783 408 850 448 illa
874 422 995 459 opera
1013 409 1201 448 codicum
1220 410 1522 462 perlegendoru

230 488 349 525 quam
366 474 481 514 nobis
494 482 533 514 et
545 473 828 525 benignissime
841 481 880 512 et
892 473 1160 524 impigerrime
1173 481 1423 514 nauauerunt
1435 474 1470 514 C
1492 501 1498 507 -
1518 463 1520 466 ,

231 542 289 579 M.
312 540 475 590 Knight,
501 531 700 578 Florentia
725 538 973 586 Whitehead‚
998 539 1089 577 Nan
1114 540 1274 590 Holley,
1300 539 1479 590 Douglas
1514 545 1522 586 ζ,

231 608 358 655 DreW,
366 606 536 645 Iacobus
543 606 593 643 A.
602 605 741 644 Petch.
773 604 947 642 Necnon
961 602 1303 643 Bibliothecarum
1316 602 1514 644 custodib

228 670 307 710 iam
327 670 367 710 in
387 670 514 722 priore
539 672 672 709 Tomo
695 667 909 708 nominatis
936 675 1066 720 grates
1094 682 1144 708 ex
1162 668 1300 708 animo
1319 668 1485 709 deferim
1511 697 1514 702 v

230 736 363 775 Huius
382 735 502 787 ipsius
523 734 781 774 Praefationis
801 733 1110 773 obscuritatibus
1131 734 1372 784 quibusdam
1393 747 1480 774 sum
1502 757 1512 779 ς

229 801 508 840 beneuolentia
524 800 708 840 adhibuit
727 799 934 839 scientiam
954 798 1180 839 Latinitatis
1207 812 1322 839 suam
1346 799 1496 839 Iohan

228 866 360 918 Wight
392 868 496 913 Duff,
529 865 771 905 Academiae
802 864 1054 904 Britannicae
1084 863 1236 905 Socius.
1285 865 1438 905 Iterum

227 931 387 971 todibus
416 931 518 971 Preli
548 929 859 971 Clarendoniani
889 937 929 970 et
957 929 1053 981 ipsis
1084 929 1348 981 prelatoribus
1376 932 1461 970 mul
1494 938 1495 941 ’

226 996 418 1036 debemus
432 1011 444 1045 3
462 995 531 1047 qui
550 1009 642 1035 cum
658 995 723 1034 hic
743 997 897 1034 Tomus
916 983 1208 1034 commentario
1222 994 1344 1035 etiam
1356 995 1479 1048 ampli
1539 1040 1543 1052 Ι,

226 1074 345 1112 quam
379 1063 443 1101 ille
473 1060 608 1101 tertius
647 1068 840 1108 oneretur,
877 1060 1192 1110 haudquaquam
1230 1067 1367 1100 tamen
1398 1074 1467 1113 gra
1493 1086 1496 1089 >
1537 1053 1542 1111 s

225 1134 328 1166 sunt.
380 1128 432 1165 Et
451 1125 662 1165 correctori
682 1127 800 1164 huius
820 1124 924 1164 Preli
943 1124 1109 1175 gratiam
1129 1125 1262 1165 habeo
1280 1125 1440 1178 praecip
1476 1134 1499 1159 ε’
1534 1115 1540 1178 ,ἶ

225 1194 266 1231 Is
292 1191 398 1231 enim
423 1204 555 1242 neque
580 1204 724 1242 operae
749 1201 882 1240 neque
907 1188 1124 1230 eruditioni
1152 1189 1330 1243 pepercit
1355 1191 1454 1231 dum
1493 1198 1501 1222 s
1534 1181 1538 1202 ²

224 1257 412 1296 sescentis
431 1256 627 1296 erroribus
642 1256 836 1296 liberaret.

1074 1339 1113 1379 S.
1138 1341 1191 1380 K.
1212 1330 1490 1391 JOH'NSON*
1526 1302 1532 1368 Ῑ

265 1421 400 1453 Dabam
416 1421 526 1453 Nouis
541 1421 669 1453 Castris
1481 1406 1483 1411 ¹
1522 1432 1527 1464 j

307 1474 389 1506 Kal.
407 1473 659 1513 Nouembribus,
681 1483 776 1514 1934.
1477 1473 1484 1480 ’
1523 1482 1525 1484 ’

814 2498 928 2537 xxxiv
