1546 2756
24 106 53 142 te:

25 143 32 153 ,
48 138 54 147 .

407 165 481 202 ΑΒ
511 163 666 202 VRBE
694 162 957 203 CONDITA
1119 163 1259 201 XXVI
1281 171 1339 210 39
1359 177 1400 200 »η

26 277 207 329 21taque
225 289 273 315 ex
291 282 458 326 utraque
475 281 587 325 parte
605 272 720 325 signo
737 274 833 313 dato
852 286 943 312 curn
964 271 1097 312 rostris
1116 271 1329 312 concurris-
1352 287 1390 310 12

27 340 98 397 ist·
116 355 248 394 neque
265 349 369 382 retro
388 353 534 380 nauem
553 338 777 379 inhiberent
795 351 871 378 nec
890 337 1021 378 dirimi
1040 338 1092 378 ab
1111 351 1154 377 se
1174 339 1330 377 hostem

26 391 61 454 ι’]
86 414 236 447 ·rentur
268 419 390 458 quam
419 405 510 456 quis
537 405 724 456 indeptus
752 417 898 443 nauem
926 411 1009 443 erat
1037 405 1160 443 ferrea
1187 402 1331 442 iniecta

28 451 55 483 ””
104 486 141 521 u,
163 471 218 511 ita
236 470 501 511 conserebant
526 484 575 510 ex
596 470 823 521 propinquo
848 482 1022 519 pugnarn
1043 476 1086 507 ut
1106 482 1186 508 non
1208 467 1331 507 missi-

61 578 65 582 ,
129 544 296 585 tantum,
313 537 385 575 sed
399 534 539 586 gladiis
553 536 673 574 etiam
692 547 816 585 prope
834 534 994 572 conlato
1012 535 1116 585 pede
1134 541 1331 584 gereretur

138 603 284 641 Prorae
308 601 411 640 inter
436 614 479 639 se
502 601 661 639 iunctae
690 598 918 647 haerebant,
944 612 1098 650 puppes
1121 600 1252 637 alieno
1275 612 1329 638 re-

32 665 130 715 [⁶0
148 666 518 716 circumagebantur
534 678 546 713 3
571 663 627 703 ita
650 664 692 702 in
716 670 802 702 arto
829 663 996 713 stipatae
1015 670 1126 702 erant
1144 677 1267 703 naues
1288 670 1330 702 ut

36 716 62 787 ζ’
91 733 218 772 ullum
232 732 356 770 telum
373 732 414 769 in
428 728 527 768 mari
543 742 692 768 uanum
708 727 958 767 intercideret
972 743 983 776 3
1010 727 1205 767 frontibus
1221 730 1329 768 uelut

37 790 200 851 Jffitris
237 797 346 835 acies
384 795 579 847 urgebant
618 793 858 845 peruiaeque
896 806 1019 832 naues
1061 793 1329 844 pugnantibus

32 884 58 914 1‘.
103 869 129 901 t.
170 860 342 912 Insignis
361 868 496 900 tamen
515 860 617 899 inter
635 867 784 899 ceteras
804 872 938 910 pugna
952 859 1023 897 fuit
1039 859 1206 897 duarum
1227 873 1329 910 quae

38 935 85 974 ζί
109 940 157 966 ae
181 925 385 978 agminum
409 932 691 966 concurrerant
715 924 818 964 inter
841 937 895 963 se.
953 925 1003 963 In
1024 926 1209 964 Romana
1228 938 1330 964 naue

36 999 85 1044 J·'
128 991 343 1043 Quinctius
371 998 467 1039 erat,
497 990 538 1030 in
566 989 783 1030 Tarentina
812 989 917 1029 Nico
949 990 1014 1029 eui
1052 989 1220 1029 Perconi
1258 990 1330 1030 fuit

35 1044 85 1095 ””ἰ
110 1070 244 1106 omen,
257 1070 343 1096 non
360 1056 524 1107 publico
542 1057 667 1095 modo
682 1056 753 1095 sed
767 1054 921 1107 priuato
934 1056 1053 1094 etiam
1069 1055 1163 1095 odio
1180 1055 1330 1094 inuisus

47 1115 66 1152 ·”
77 1135 127 1164 ue
144 1122 311 1162 infestus
330 1121 526 1162 Romanis
540 1121 652 1172 quod
671 1120 755 1160 eius
770 1119 951 1159 factionis
966 1127 1048 1159 erat
1063 1133 1166 1171 quae
1185 1122 1330 1159 Taren-

38 1191 83 1237 ιμ·ι
112 1187 333 1228 Hannibali
351 1187 591 1239 prodiderat.
649 1185 730 1225 Hic
754 1185 988 1236 Quinctium
1012 1185 1130 1224 simul
1155 1199 1330 1236 pugnan-

37 1274 80 1294 a»
114 1255 422 1304 hortantemque
444 1266 550 1300 suos,
570 1253 774 1291 incautum
802 1253 913 1290 hasta
933 1251 1134 1303 transfigit.
1194 1252 1267 1291 Ille
1287 1258 1330 1290 ut

38 1344 57 1355 ι»
87 1338 92 1342 ·
126 1333 195 1371 eps
213 1333 306 1359 cum
324 1317 445 1358 armis
464 1316 635 1369 procidit
653 1325 746 1356 ante
765 1329 932 1367 proram,
949 1315 1077 1356 uictor
1091 1316 1330 1356 Tarentinus

39 1371 264 1427 ”-ιὼ3ῑ3.ῐῐι
286 1385 390 1423 duce
414 1382 563 1422 amisso
591 1395 736 1421 nauem
764 1381 929 1432 impigre
952 1389 1214 1433 transgressus
1238 1396 1330 1421 cum

37 1424 66 1480 {⁰
95 1458 98 1459 ’
108 1468 130 1486 ιι
140 1448 287 1488 ouisset
298 1450 433 1488 hostes
445 1455 485 1487 et
500 1446 703 1499 proraiam
717 1446 1022 1486 Tarentinorum
1035 1454 1149 1495 esset,
1164 1448 1330 1499 puppim

131 1512 360 1566 conglobati
379 1520 584 1552 tuerentur
612 1511 797 1559 Romani,
820 1519 982 1563 repente
1001 1519 1040 1551 et
1059 1511 1136 1550 alia
1154 1525 1176 1551 a
1196 1526 1331 1564 puppe

110 1598 118 1613 ι
141 1577 174 1617 is
185 1577 361 1618 hostium
372 1576 555 1629 apparuit
564 1591 575 1626 5
594 1576 650 1616 ita
661 1577 702 1615 in
715 1576 849 1616 medio
861 1576 1132 1616 circumuenta
1146 1579 1331 1618 Romana

91 1642 103 1652 ⁶
145 1645 309 1696 capitur.
366 1642 478 1682 Hinc
503 1642 644 1682 ceteris
671 1649 795 1682 terror
817 1641 985 1682 iniectus
1011 1642 1069 1682 uti
1095 1643 1330 1694 praetoriam

44 1721 154 1748 ·:³m-
189 1716 348 1760 captam
384 1709 534 1757 uidere,
564 1707 841 1759 fugientesque
869 1708 1016 1759 passim
1044 1709 1146 1748 aliae
1176 1709 1216 1748 in
1249 1710 1330 1749 alto

101 1792 126 1809 ,τ
146 1792 172 1823 ·,
191 1773 291 1814 aliae
314 1773 355 1813 in
382 1781 526 1813 terram
550 1774 669 1813 remis
694 1773 881 1824 abreptae
906 1787 998 1813 mox
1024 1775 1194 1825 praedae
1221 1775 1330 1814 fuere

125 1838 134 1847 “
164 1838 197 1879 is
226 1838 606 1891 Metapontinisque.
665 1840 727 1878 Ex
754 1838 940 1878 onerariis
969 1852 1072 1890 quae
1103 1852 1196 1878 cum
1226 1853 1331 1879 com-

58 1906 100 1980 ἂ
118 1937 249 1970 hostem
268 1938 337 1970 no:
361 1937 521 1969 hostilem
538 1937 651 1969 Luchs
669 1938 751 1978 1889
769 1936 978 1978 (dubitanter)
1155 1944 1333 1977 gereretur

48 1976 192 2018 ›³3vi
207 1981 308 2013 Gron.
326 1993 335 2013 z
358 1986 563 2022 quereretur
582 1991 638 2012 res
655 1980 706 2012 P:
730 1986 932 2021 quereretur
949 1983 1082 2023 (quaer-
1103 1981 1209 2013 RMB
1225 1982 1329 2022 Edd.)

66 2022 180 2064 tad.
200 2029 261 2057 uel.
279 2036 424 2066 quorum
442 2030 573 2056 -rentur
584 2025 682 2065 aliq.:
708 2025 956 2065 proeliarentur
970 2025 1018 2056 ed.
1033 2025 1125 2067 Mog.
1147 2026 1229 2065 1518

75 2072 102 2092 “·
130 2069 213 2100 mari
237 2068 333 2102 ssald.
351 2068 446 2099 Frob.
466 2079 494 2102 1.
513 2078 554 2100 2:
579 2068 612 2099 in
629 2078 721 2099 mare
737 2072 766 2103 θ,
784 2069 1050 2108 Forclzhammer,
1058 2069 1218 2110 probante
1232 2069 1278 2101 H.
1292 2069 1331 2109 J.

287 2112 456 2153 pedestris
474 2112 612 2144 noald.:
635 2113 814 2152 pedestres
826 2112 949 2144 Fabri:
1098 2124 1136 2153 14
1159 2114 1331 2153 agminum

50 2159 66 2195 ᾗ
90 2183 93 2187 ,
118 2164 129 2188 e
155 2155 309 2196 agminus
324 2156 364 2195 P,
383 2156 420 2197 qs.
439 2166 489 2195 27.
509 2166 560 2196 17.
576 2166 591 2187 1
605 2155 706 2187 adm:
731 2157 877 2196 agminis
897 2155 940 2189 ΠΖ
956 2156 1011 2188 uel
1026 2156 1171 2195 n¹J.ald.
1189 2157 1283 2188 Frob.
1301 2167 1328 2189 1.

48 2203 205 2248 {fagum
220 2198 257 2230 K
425 2209 463 2239 15
487 2199 668 2239 Quinctius
686 2200 781 2239 (-nci-
800 2200 905 2231 CxK:
930 2201 1010 2231 -nti-
1025 2199 1174 2241 M²B²J)
1193 2205 1266 2232 erat
1283 2200 1333 2232 ΟΦ

94 2248 98 2253 ’
127 2253 131 2266 ι·
149 2254 158 2275 =
180 2244 261 2284 quin
278 2247 314 2275 et
330 2244 474 2275 iusserat
494 2244 559 2284 (ius
576 2248 647 2274 erat
662 2242 710 2281 B)
725 2257 753 2276 π
768 2255 776 2275 2
800 2245 991 2284 quinestius
1008 2249 1080 2275 erat
1096 2244 1131 2275 D

0 2285 3 2290 ’
51 2303 55 2308 -
72 2286 105 2331 ’χ
121 2286 150 2319 ic
164 2285 392 2319 BDA⁷0ald.:
417 2287 495 2318 hine
510 2299 539 2319 π
693 2287 860 2327 transfigit
879 2288 974 2320 nald.
994 2287 1090 2319 Frob.
1110 2298 1137 2319 1.
1157 2298 1199 2318 2:
1222 2291 1333 2319 trans-

0 2331 2 2335 ’
65 2334 81 2353 ι’
104 2331 137 2369 0,
151 2330 256 2372 sedqfi
273 2333 290 2370 ξ
307 2341 327 2371 5
343 2335 373 2362 et
387 2341 439 2370 27.
456 2341 487 2370 5.
506 2341 528 2370 9
543 2329 620 2362 adn.
783 2332 845 2363 Ille
861 2337 897 2363 ut
912 2331 982 2362 Α”θ
1002 2333 1054 2373 (‘f·
1072 2342 1103 2372 9.
1125 2342 1155 2371 4.
1174 2342 1196 2370 9
1211 2330 1306 2371 adn.)
1325 2342 1332 2363 :

205 2374 298 2407 nald.
315 2374 413 2405 Frob.
430 2385 458 2406 1.
477 2385 507 2413 2,
527 2373 618 2415 quod
630 2372 769 2414 defindit
785 2374 885 2406 Gron.
902 2380 1005 2416 atque
1021 2381 1082 2417 pro
1102 2375 1262 2407 continuo
1282 2375 1332 2407 in-

248 2422 350 2458 atque
368 2418 425 2449 ille
440 2418 590 2458 Ruperti.
608 2427 684 2448 cum
695 2418 957 2458 praecedentibus
970 2423 1134 2451 conectens

0 2441 2 2448 ’
114 2459 222 2492 ¹11²:
244 2461 315 2492 utin
331 2471 380 2494 πε
404 2466 440 2492 ut
460 2460 696 2493 C2BDA0ald.
722 2461 820 2494 Frob.
849 2472 876 2494 1.
899 2472 941 2494 οι
969 2463 1025 2494 ubi
1052 2462 1211 2503 Woelfflin
1231 2461 1336 2503 (quod

46 2492 51 2546 Ἀ
98 2511 105 2536 ς·
126 2502 292 2546 Johnson)
450 2515 490 2545 19
512 2515 586 2536 cum
604 2510 792 2537 commeatu
810 2505 937 2548 (come-
953 2506 1000 2546 J)
1018 2505 1212 2538 M²A⁷oald.
1234 2506 1330 2538 Frob.

47 2596 50 2610 ‹
82 2560 113 2611 )
131 2555 221 2579 eum·
243 2549 347 2590 (com-
366 2547 491 2590 CMBQ)
514 2553 627 2580 meatu
648 2548 765 2590 (A?)ss
791 2549 862 2591 (sed
881 2555 950 2581 -tus
965 2561 1022 2592 eq·
1037 2549 1164 2583 MBD:
1188 2555 1236 2582 -tu
1253 2560 1330 2592 seq-

50 2684 127 2756 ἃ

1351 616 1389 646 13

1351 870 1389 902 14

1352 934 1389 966 15

1351 1190 1390 1223 16

1352 1585 1389 1616 18

1351 1850 1390 1885 19
