1546 2756
148 161 287 200 XXVI
309 171 362 209 33
382 175 400 206 3
743 159 862 197 ΤΙΤΙ
893 158 1011 196 LIVI

220 270 447 322 superstites
477 282 574 317 esse,
608 281 710 319 quos
739 282 815 308 nec
852 281 925 307 sua
960 265 1206 306 conscientia
1242 273 1288 305 ut
1325 264 1447 318 quicq
1479 268 1499 308 25

219 337 272 376 de
291 349 333 375 se
351 335 508 386 grauius
528 335 780 374 consulerent
805 332 1006 384 impulerit
1032 344 1107 371 nec
1131 330 1294 371 uictoris
1318 329 1377 370 ira
1401 334 1502 370 can'

219 402 466 441 damnauerit
482 415 494 450 3
531 414 599 439 eos
633 399 855 439 libertatem
884 398 959 438 sibi
988 396 1152 447 suisque
1180 403 1220 436 et
1247 396 1448 436 bonorum
1480 390 1501 443 :J

219 479 339 517 quam
353 473 503 516 partem
517 478 626 504 orare
639 464 746 504 ciues
762 466 979 512 Romanos,
995 461 1268 502 adfinitatibus
1279 463 1498 513 plerosqu

218 530 449 582 propinquis
476 530 554 569 iarn
581 529 884 582 cognationibus
911 543 960 568 ex
984 527 1162 567 conubio
1187 534 1348 568 uetusto
1371 526 1466 567 iunc
1484 531 1494 548 '-

181 611 203 642 4
274 596 490 636 Summotis
506 595 653 635 deinde
673 609 695 634 e
714 596 866 646 templo
884 593 1084 645 paulisper
1102 593 1329 634 dubitatum
1348 606 1401 632 an
1418 603 1498 636 ar‘j

219 662 366 701 sendus
385 675 409 700 a
428 661 570 712 Capua
590 662 640 711 Q.
664 660 827 699 Fuluius
851 666 1192 699 esset—mortuus
1215 658 1323 699 enim
1341 665 1434 711 post
1460 676 1487 693 v:

219 733 301 766 tam
335 726 526 766 Claudius
560 727 700 766 consul
737 732 918 765 erat—ut
948 739 1083 764 coram
1113 724 1350 776 imperatore
1383 722 1452 775 qui
1492 748 1496 753 -

219 791 414 843 gessisset,
453 790 554 832 sicut
592 792 693 831 inter
732 792 967 830 Marcellum
1007 790 1241 841 Siculosque
1277 789 1474 840 disceptat
1484 795 1494 821 ι’

183 869 201 901 5
220 858 356 906 fuerat,
385 857 678 908 disceptaretur.
739 857 845 896 Dein
870 870 963 895 curn
994 857 1052 895 M.
1082 855 1250 894 Atilium
1278 856 1325 896 C.
1356 853 1488 910 Fului⁴
1543 851 1546 855 ’

222 925 378 962 fratrem
400 922 531 962 Flacci
551 924 700 973 legatos
723 923 807 961 eius
827 930 866 961 et
887 923 938 971 Q.
962 921 1188 960 Minucium
1208 928 1248 960 et
1267 922 1312 960 L.
1332 919 1496 965 Veturi„
1540 913 1544 926 '

222 989 431 1028 Philonem
454 988 550 1027 item
579 988 723 1028 Claudi
748 989 897 1038 legatos
924 986 993 1038 qui
1016 986 1204 1026 omnibus
1223 985 1407 1038 gerendis
1425 999 1460 1025 r
1479 1004 1485 1019 ι
1536 1039 1538 1042 Ι

220 1055 427 1094 adfuerant
446 1053 487 1092 in
507 1060 648 1093 senatu
667 1052 849 1092 uiderent
876 1066 951 1092 nec
977 1053 1166 1091 Fuluium
1183 1050 1343 1092 auocari
1359 1064 1386 1091 a
1403 1051 1489 1100 Cael

184 1125 203 1158 6
222 1133 296 1158 nec
316 1119 461 1159 differri
490 1120 719 1170 Campanos
744 1119 904 1166 uellent,
935 1118 1196 1170 interrogatus
1221 1115 1461 1158 sententiam
1536 1106 1538 1111 ⁷

222 1184 366 1223 Atilius
389 1186 579 1235 Regulus,
600 1184 711 1224 cuius
732 1198 779 1224 ex
795 1184 841 1224 iis
857 1183 926 1236 qui
940 1185 993 1223 ad
1008 1185 1191 1235 Capuam
1205 1185 1360 1224 fuerant
1372 1197 1429 1223 m
1452 1175 1489 1219 ‘c‘

185 1259 203 1295 7
221 1249 431 1288 auctoritas
452 1257 543 1297 erat,
564 1252 575 1270 ‘
594 1252 643 1289 In
662 1249 831 1290 consilio
844 1250 854 1267 ’
873 1249 1001 1301 inquit
1021 1253 1031 1271 ‘
1044 1249 1211 1290 arbitror
1229 1262 1294 1290 me
1314 1248 1434 1289 fuisse
1459 1239 1491 1281 ἐ
1531 1242 1534 1247 ’

221 1314 372 1354 sulibus
399 1315 538 1365 Capua
563 1322 679 1367 capta
706 1328 800 1354 cum
829 1323 1081 1367 quaereretur
1106 1316 1223 1367 ecqui
1246 1316 1457 1367 Campano
1471 1316 1481 1343 Γ
1529 1365 1530 1368 Ἴ

184 1389 203 1420 8
222 1379 326 1419 bene
355 1380 516 1420 meritus
545 1381 596 1420 de
628 1394 670 1420 re
698 1380 860 1432 publica
888 1389 1021 1421 nostra
1049 1388 1165 1423 esset.
1221 1383 1333 1421 Duas
1360 1379 1476 1420 muli
1527 1423 1530 1430 Α

213 1453 470 1506 ¹compertum
492 1454 556 1486 est
579 1447 757 1486 Vestiam
787 1447 963 1499 Oppiam
990 1448 1218 1487 Atellanam
1248 1446 1412 1498 Capuae
1446 1464 1476 1483 ι
1527 1437 1530 1440 ’

266 1553 286 1582 3
309 1545 511 1584 superstites
529 1555 604 1576 esse
621 1544 810 1578 A⁷N³Oalat
830 1546 926 1577 Frob.
944 1556 972 1577 1.
990 1557 1008 1577 2
1024 1557 1032 1578 t
1054 1547 1210 1586 superior
1231 1555 1307 1578 esse
1327 1544 1371 1585 P,
1388 1545 1426 1585 ej}
1444 1554 1479 1587 a*
1524 1526 1527 1543 τ

221 1589 263 1619 6:
287 1589 479 1628 superiores
494 1599 571 1620 esse
593 1588 764 1630 sl2<A?)N
772 1600 780 1620 τ
804 1600 843 1621 ex
861 1590 990 1622 lectione
1008 1589 1157 1621 Puteani
1172 1589 1253 1622 com'.
1279 1599 1383 1630 super
1403 1588 1444 1620 iis
1470 1623 1476 1629 ,.
1524 1625 1525 1628 Ἰ

225 1630 340 1669 Gron.,
357 1632 447 1671 mire,
461 1642 643 1672 superesse
659 1633 852 1673 Alschefski,
869 1634 953 1675 bene,
969 1634 1027 1665 sed
1038 1634 1240 1674 superstites
1255 1633 1341 1665 illud
1353 1643 1394 1664 ex
1407 1631 1438 1664 S
1448 1648 1453 1657 ν
1471 1640 1481 1677 ⁷>

223 1674 318 1706 siano
322 1675 419 1714 sonte
423 1675 506 1715 fort.
526 1680 637 1707 ortum
654 1677 771 1708 melius
789 1681 838 1708 est
855 1688 960 1718 quam
980 1682 1018 1709 ut
1039 1677 1080 1708 ab
1102 1677 1306 1709 emendatore
1326 1676 1470 1718 excogita,
1522 1675 1524 1677 ’

224 1728 290 1749 esse
304 1719 423 1757 credas,
439 1721 479 1759 cf.
501 1722 516 1758 ξ
534 1731 555 1760 9
709 1731 772 1752 nec
790 1722 959 1763 (uictoris)
977 1720 1158 1754 M⁷A0ald.
1174 1721 1271 1752 Frob.
1287 1730 1318 1752 1.
1335 1730 1377 1752 2:
1402 1729 1447 1751 ne

225 1772 285 1792 eos
303 1762 371 1793 UO:
395 1773 435 1794 os
452 1762 508 1795 N:
531 1774 572 1795 eo
587 1774 625 1795 se
641 1764 779 1796 Harant
795 1765 870 1806 (qui
885 1769 962 1806 post
985 1766 1073 1797 R-os
1095 1765 1290 1796 sententiam
1303 1762 1479 1805 claudit),·
1519 1763 1521 1767 ”

224 1809 308 1844 recte,
329 1806 388 1837 sed
402 1806 436 1837 si
454 1817 514 1838 eos
535 1808 716 1839 tutandum
735 1812 783 1839 est
793 1811 875 1849 fort.
892 1809 1089 1850 sigmficabit
1105 1811 1114 1826 ‘
1125 1819 1201 1840 cum
1217 1808 1297 1840 tales
1309 1807 1446 1849 essent’,
1475 1814 1479 1846 j
1519 1803 1522 1806 ’

223 1849 339 1888 negari
351 1859 418 1881 non
429 1854 535 1891 potest
548 1851 632 1882 inter
644 1855 786 1882 oratores
801 1853 853 1883 hic
856 1853 968 1893 fuisse
983 1863 1111 1892 paucos
1126 1852 1290 1883 nobilium
1468 1855 1472 1882 f
1516 1847 1521 1894 ξ

222 1892 388 1924 bonorum
406 1893 670 1926 CM⁷BDANO:
693 1895 863 1927 bononum
880 1896 990 1927 PRM
1137 1895 1203 1928 iam
1218 1894 1311 1927 Frob.
1330 1904 1372 1927 2:
1395 1894 1418 1926 ἱ
1436 1906 1473 1930 u:

225 1935 373 1970 nNoald.
389 1938 440 1978 (tf.
455 1941 471 1977 §
486 1948 524 1977 14
536 1942 566 1968 et
580 1949 632 1978 27.
645 1950 697 1978 44.
714 1950 727 1970 1
741 1939 855 1979 adn.):
873 1941 937 1971 iam
955 1940 1056 1971 etiam
1069 1938 1189 1972 Gron.:
1206 1939 1309 1970 etiam
1318 1938 1434 1971 Madv.

216 1983 252 2020 p.
271 1981 364 2021 384),
382 1981 441 2012 sed
456 1981 565 2012 adhuc
583 1992 691 2013 unum
714 1986 846 2015 tantum
870 1984 1058 2024 exemplum
1074 1994 1124 2016 10.
1141 1983 1196 2023 38.
1215 1993 1236 2014 2
1253 1982 1428 2024 mgnouim
1468 2000 1474 2012 >.
1514 1983 1516 1986 ’

204 2037 209 2044 -
223 2033 345 2054 uocum
361 2025 462 2055 etiam
477 2029 507 2055 et
521 2030 555 2056 et
569 2026 722 2057 iunctura
739 2027 773 2057 in
792 2027 881 2059 codd.
904 2027 1063 2058 Liuianis
1081 2026 1268 2059 admodum
1287 2025 1470 2068 probabas.
1513 2034 1515 2060 J

225 2065 274 2106 Cf
293 2077 346 2106 27.
364 2078 412 2098 10.
427 2079 447 2106 4
462 2079 470 2105 ;
493 2069 545 2100 28.
565 2070 614 2101 18.
633 2078 653 2108 5
670 2070 771 2101 adnn.
905 2082 926 2111 4
951 2071 1072 2103 consul
1088 2076 1162 2103 erat
1179 2069 1444 2103 CM⁷BDANO:
1459 2087 1463 2090 ·
1511 2063 1516 2081 ⁹

222 2110 351 2141 suleret
366 2110 474 2142 PRM
586 2118 622 2144 ut
639 2123 748 2145 coram
763 2113 899 2146 Awald.
916 2115 1014 2148 Frob.
1029 2125 1056 2148 1.
1075 2125 1118 2147 2:
1141 2125 1255 2147 coram
1274 2112 1342 2147 ΠΝ
1510 2109 1514 2117 ’

222 2153 370 2186 πΝθαΙιί.
388 2154 483 2186 Frob.
501 2166 527 2188 1.
545 2167 586 2188 2:
610 2158 700 2188 sicut
715 2163 749 2188 et
765 2158 812 2198 M,
833 2169 900 2190 non
917 2160 1004 2191 male
1163 2167 1183 2198 5
1206 2158 1344 2190 fratrem
1359 2155 1428 2189 ald.
1459 2174 1472 2197 ¹.

227 2207 252 2229 1.
273 2207 316 2230 2:
339 2198 460 2229 fratres
478 2200 535 2240 Πθ,
550 2201 587 2240 cs:
607 2211 658 2241 27.
675 2211 723 2239 17.
738 2211 752 2231 1
768 2201 846 2233 adn.
969 2208 1003 2234 et
1021 2202 1063 2242 Q.
1081 2202 1135 2235 P:
1159 2207 1194 2234 et
1209 2212 1273 2242 que
1287 2201 1335 2233 C:
1358 2206 1469 2242 atqu-

221 2240 422 2283 BDA0<s2d
434 2248 534 2282 atque
550 2243 616 2283 leg.
635 2245 708 2275 eius
727 2245 772 2275 M.
790 2245 828 2275 K
831 2244 913 2284 )ald.
928 2257 936 2277 ε
960 2257 999 2278 ac
1017 2246 1059 2285 Q.
1078 2246 1172 2279 Frob.
1189 2256 1210 2276 2
1366 2245 1409 2276 ad
1454 2265 1462 2279 ι
1508 2260 1511 2277 ε

225 2285 297 2334 gsed
314 2286 387 2327 affl)
412 2286 519 2318 Gala.
540 2286 637 2319 Frob.
661 2297 691 2320 1.
712 2298 748 2320 2:
775 2289 954 2320 ansuerant
973 2301 1024 2322 πε
1047 2294 1092 2321 αἶ
1109 2290 1178 2331 (uel
1194 2288 1287 2330 ante)
1304 2288 1440 2321 fuerant
1452 2291 1465 2330 ff
1507 2280 1511 2322 J'

222 2328 447 2361 mtersuerant
462 2329 499 2360 K
653 2332 782 2363 uellent
799 2332 1048 2364 C⁴BDA79alat
1065 2333 1164 2366 Frob.
1182 2343 1207 2365 1.
1227 2343 1270 2364 αι
1292 2332 1400 2364 uellet
1413 2344 1445 2366 π
1456 2336 1461 2348 ·’

224 2381 243 2411 7
267 2374 365 2413 ecqui
384 2373 430 2404 C:
454 2374 529 2417 equi
547 2374 672 2407 PRM:
696 2377 751 2416 qui
767 2375 891 2408 BDAo
906 2388 913 2408 ε
936 2380 970 2408 et
985 2378 1044 2418 qui
1061 2376 1128 2410 C4=
1151 2377 1268 2417 ecquis
1283 2375 1348 2408 ald.
1364 2375 1462 2422 Frol
1505 2390 1508 2399 =
