1546 2756
177 190 315 228 XXVI
337 198 386 238 19
412 205 425 227 1
767 188 888 228 TITI
921 188 1041 227 L1vr

248 312 327 350 que
347 298 555 338 hominum
576 297 866 346 animaduertit,
890 299 1088 338 aduocata
1107 296 1295 337 contione
1310 296 1365 337 ita
1379 297 1430 338 de
1445 311 1492 339 ae
1520 292 1535 330 s

248 377 320 404 sua
351 364 596 415 imperioque
630 365 821 403 mandato
854 370 894 403 et
928 364 1036 402 bello
1070 363 1181 413 quod
1213 363 1436 414 gerundum
1470 377 1524 404 es

211 450 226 472 2
247 443 394 480 magno
421 431 604 480 elatoque
634 430 770 468 animo
800 428 996 476 disseruit,
1030 435 1073 467 ut
1099 428 1282 468 ardorem
1302 441 1395 468 eum
1421 428 1491 480 qui
1525 453 1530 482 J

248 496 403 535 sederat
433 494 618 534 excitaret
649 507 780 533 rursus
815 501 1064 544 nouaretque
1102 500 1142 532 et
1174 493 1356 545 impleret
1388 494 1499 534 homi
1525 504 1527 506 ·

246 560 420 600 certioris
442 560 524 610 spei
545 573 663 611 quarn
685 566 875 610 quantam
896 560 996 599 fides
1012 558 1196 611 promissi
1211 559 1376 599 humani
1390 567 1460 600 aut

207 640 226 671 3
246 639 293 664 ex
312 625 457 665 fiducia
477 639 605 664 rerum
627 624 806 664 subicere
827 626 937 664 solet.
994 626 1087 664 Fuit
1102 624 1209 664 enim
1225 624 1358 677 Scipio
1371 638 1457 665 non
1471 639 1524 665 u

245 698 399 730 tantum
429 690 639 745 uirtutibus
670 690 869 738 mirabilis,
901 692 971 730 sed
1005 699 1088 730 arte
1121 703 1284 741 quoque
1317 692 1492 741 quadam
1519 735 1521 738 ,

205 773 226 803 4
244 757 407 795 iuuenta
426 756 466 795 in
486 756 793 796 ostentationem
817 769 952 795 earum
972 755 1231 807 compositus,
1253 757 1442 807 pleraque
1463 769 1525 809 aq

244 821 542 861 multitudinem
575 830 643 861 aut
678 835 747 873 per
785 829 999 861 nocturnas
1039 821 1125 861 uisa
1163 821 1316 873 species
1353 829 1423 862 aut
1461 819 1529 873 uej,

243 887 433 927 diuinitus
464 894 596 926 mente
626 887 778 927 monita
806 901 938 939 agens,
970 888 1054 927 siue
1084 894 1123 927 et
1149 886 1235 938 ipse
1263 888 1368 939 capti
1397 880 1515 939 quac?¹

243 952 520 1004 superstitione
539 952 672 1001 animi,
695 954 780 992 siue
799 961 842 992 ut
868 952 1032 1004 imperia
1059 951 1306 1004 consiliaque
1330 953 1441 992 uelut
1466 955 1523 992 ss

207 1032 224 1063 5
244 1018 391 1057 oraculi
412 1017 531 1057 missa
550 1018 635 1057 sine
655 1018 908 1058 cunctatione
929 1026 1250 1070 exsequerentur.
1309 1019 1374 1058 Ad
1394 1019 1472 1058 hoc
1491 1015 1528 1058 i>

243 1083 337 1122 inde
364 1083 416 1122 ab
446 1083 558 1123 initio
589 1097 826 1135 praeparans
860 1083 1026 1132 animos,
1060 1098 1107 1123 ex
1138 1097 1221 1135 quo
1253 1090 1388 1135 togam
1417 1082 1523 1123 uiri

243 1149 410 1200 sumpsit
436 1150 545 1188 nullo
573 1148 638 1188 die
664 1149 772 1200 prius
800 1151 922 1188 ullam
951 1148 1154 1200 publicam
1181 1148 1459 1201 priuatamque
1513 1139 1516 1143 ¹

242 1213 320 1264 egit
341 1226 462 1264 quam
481 1213 522 1252 in
540 1214 783 1265 Capitolium
801 1214 873 1254 iret
891 1214 1172 1266 ingressusque
1187 1215 1329 1254 aedem
1344 1213 1487 1255 consid
1497 1242 1518 1271 7

202 1282 222 1314 6
242 1286 280 1317 et
300 1279 533 1330 plerumque
554 1280 662 1319 solus
681 1278 722 1318 in
743 1287 896 1318 secreto
916 1279 971 1319 ibi
992 1286 1150 1331 tempus
1171 1286 1323 1319 tereret.
1381 1279 1464 1319 Hic
1492 1299 1522 1322 -2v

241 1357 309 1395 per
328 1357 491 1384 omnem
513 1345 636 1384 uitam
658 1352 836 1384 seruatus
853 1358 922 1384 seu
939 1346 1125 1384 consulto
1141 1357 1211 1384 seu
1226 1352 1374 1384 temere
1388 1346 1505 1396 uolg

240 1408 419 1460 opinioni
435 1411 555 1449 fidem
571 1411 679 1462 apud
695 1411 891 1461 quosdam
907 1410 999 1450 fecit
1015 1409 1145 1461 stirpis
1160 1423 1252 1450 eum
1267 1409 1428 1450 diuinae
1440 1410 1479 1450 u'

287 1506 303 1527 1
329 1497 567 1528 animaduertit
583 1497 632 1528 B²
650 1499 764 1538 (-rtam
788 1497 836 1539 B)
854 1497 887 1528 A
894 1497 971 1530 ald.
987 1509 995 1529 z
1018 1497 1165 1529 animam
1181 1497 1330 1529 aduertit
1345 1508 1396 1530 πε
1422 1496 1525 1540 arud-J

239 1540 388 1572 aduertit
404 1540 446 1571 M
450 1539 462 1559 ¹
478 1541 542 1573 Iac.
565 1541 665 1573 Gron.
685 1552 724 1572 ex
739 1541 805 1573 cod.
823 1541 859 1571 D
877 1541 951 1582 (sed
963 1552 1064 1572 —marn
1081 1541 1132 1582 D)
1148 1551 1156 1572 ε
1179 1542 1303 1572 auertit
1315 1540 1364 1580 J:
1387 1541 1489 1582 scipi
1526 1529 1533 1570 l

237 1584 346 1616 uertit
365 1584 399 1615 K
540 1594 560 1615 2
584 1590 794 1625 nouaretque
810 1597 839 1618 π
857 1588 953 1627 (que
972 1585 1016 1627 C)
1034 1597 1041 1616 :
1066 1585 1312 1625 innouaretque
1327 1584 1383 1616 Αθ
1398 1583 1484 1618 Edd.
1496 1588 1508 1624 j
1524 1572 1531 1598 ⁹

308 1632 343 1659 et
360 1627 548 1669 (impleret)
565 1629 690 1659 Aeald.
706 1640 714 1660 ε
738 1640 807 1661 om.
825 1643 864 1670 π,
884 1630 923 1670 cf.
943 1632 958 1667 ξ
975 1639 1012 1660 11
1024 1632 1054 1660 et
1066 1639 1093 1660 c.
1108 1638 1160 1660 11.
1176 1639 1215 1660 12
1230 1628 1310 1661 adn.
1329 1629 1373 1671 (c)
1492 1669 1495 1672 ,
1521 1616 1530 1704 ⁸

258 1670 397 1713 fiducia)
417 1672 533 1704 ΠθαΙᾱ.
549 1682 557 1703 t
582 1676 616 1703 et
632 1672 744 1704 Luchs
760 1674 854 1714 1889,
864 1674 1000 1714 frustra
1128 1673 1283 1704 subicere
1299 1671 1363 1705 Ed.
1381 1671 1471 1714 Mog.
1487 1675 1498 1709 j
1516 1706 1526 1716 J

260 1715 370 1756 -iic-):
395 1716 450 1747 ubi
473 1725 570 1747 eeere
591 1714 680 1748 PR:
705 1717 759 1747 ubi
778 1727 884 1757 egere
905 1716 951 1748 C:
974 1717 1031 1747 ubi
1049 1716 1162 1748 iecere
1177 1715 1300 1747 R²MB
1318 1717 1447 1757 (eicere
1475 1720 1500 1760 '⁸'ss

242 1758 299 1789 ubi
315 1759 425 1790 iacere
441 1759 497 1790 D:
521 1760 636 1791 subire
653 1760 708 1790 Aa:
718 1765 780 1801 per
792 1771 861 1792 ras.
879 1763 897 1791 θ
1114 1770 1134 1800 4
1158 1764 1215 1791 aut
1231 1759 1323 1802 (per)
1341 1760 1401 1799 Πθ,
1419 1770 1485 1800 qu
1511 1791 1514 1792 γ

231 1802 315 1843 sort.
329 1802 457 1841 defendi
461 1807 568 1843 potest
577 1803 609 1834 si
618 1804 691 1835 uisa
698 1809 761 1844 pro
773 1814 861 1844 quae
875 1804 938 1835 sibi
952 1804 1025 1835 uisa
1035 1813 1112 1835 esse
1123 1803 1322 1835 adfirmabat
1332 1803 1469 1844 interpre
1488 1806 1491 1809 ’

243 1849 316 1877 tum
332 1846 420 1876 enim
436 1848 509 1877 uisa
524 1857 602 1878 cum
618 1847 713 1879 uelut
736 1849 791 1888 (ὡς
813 1848 908 1889 apud
927 1847 1039 1888 Polyb.
1055 1858 1105 1879 10.
1120 1858 1151 1879 2.
1165 1847 1221 1888 12)
1237 1845 1503 1888 αεᾳιιίρεναίκνι

241 1894 278 1919 ut
288 1894 463 1930 praeeunte
476 1890 612 1922 Dukero
633 1891 820 1931 Weissenb„
840 1892 938 1922 bene:
962 1897 999 1922 ut
1014 1891 1061 1923 ed.
1080 1891 1170 1932 Mog.
1187 1892 1271 1931 1518
1427 1890 1481 1922 ui
1501 1899 1520 1935 ’,ι

242 1932 328 1965 Edd.
347 1937 419 1973 uet.‚
440 1945 472 1966 u.
489 1934 567 1966 adn.
582 1939 688 1975 praec.
704 1946 712 1966 :
736 1935 829 1966 uisas
847 1935 969 1966 Fabri:
982 1935 1066 1974 fort.
1089 1934 1265 1966 delendum
1276 1944 1344 1966 esse
1358 1938 1462 1967 censet
1488 1974 1491 1979 ι

241 1976 389 2016 Mueller,
409 1977 494 2008 male
647 1983 764 2010 mente
779 1978 863 2010 eald.
880 1990 888 2010 :
912 1984 1058 2010 mentem
1079 1979 1105 2010 Π
1125 1979 1187 2020 (-m
1203 1979 1239 2010 in
1253 1978 1288 2009 P
1295 1983 1399 2020 paene
1413 1977 1465 2010 del
1480 1989 1481 1993 ¹
1509 2008 1512 2011 .

309 2020 382 2060 ipse
398 2021 473 2053 *ιι-Β]
489 2021 625 2053 Aldus:
650 2022 717 2062 ipsi
734 2022 823 2053 ΒΑθ
838 2022 923 2053 Edd.
941 2026 1017 2054 ante
1029 2022 1111 2053 Ald.
1268 2021 1344 2054 sine
1359 2020 1466 2063 Pxpe
1481 2046 1486 2065 3

243 2064 302 2095 uix
312 2064 484 2105 perfectam
497 2064 561 2097 Ed.
573 2065 664 2106 Mog.
680 2067 783 2106 1518:
805 2066 895 2097 sitne
909 2065 986 2097 PC:
1009 2066 1052 2098 sit
1064 2076 1127 2097 nec
1138 2065 1229 2097 RM:
1250 2066 1397 2108 sintlnec
1409 2065 1465 2107 (u
1512 2077 1514 2079 ·

243 2108 323 2143 nec)
341 2107 463 2138 BDAO
480 2108 566 2139 Edd.
585 2114 647 2141 uet.
869 2114 1138 2149 exsequerentur
1156 2109 1257 2141 Gron.
1275 2120 1284 2140 ε
1307 2119 1450 2149 esseque
1478 2115 1485 2145 ᾗ
1508 2097 1515 2154 ἲ

242 2150 355 2183 PCR:
381 2157 646 2191 assequerentur
660 2151 945 2184 R2MBDA0ald.
1120 2162 1140 2192 5
1163 2163 1235 2184 rem
1250 2153 1321 2193 egit
1338 2152 1406 2184 CM
1408 2151 1456 2183 1Β
1468 2160 1478 2178 t
1507 2173 1513 2206 ἰ

243 2195 376 2234 remigit
391 2194 501 2226 PRM
627 2201 761 2227 secreto
778 2195 836 2226 Ml
854 2198 907 2227 uel
920 2196 997 2228 M³0
1013 2196 1147 2228 Aldus:
1171 2202 1306 2228 secretu
1321 2207 1372 2229 πε
1395 2206 1454 2228 sec

242 2238 343 2268 BDA
363 2238 450 2271 Edd.
467 2243 542 2270 ante
556 2239 637 2271 Ald.
770 2245 906 2279 tempus
922 2241 974 2272 hic
982 2240 1140 2282 praebent
1153 2253 1191 2280 π,
1207 2243 1285 2281 post
1298 2240 1477 2288 plerumq
1504 2223 1511 2299 ⁸

242 2281 326 2314 Edd.
344 2286 418 2313 ante
435 2282 548 2320 Gron.‚
567 2283 605 2322 ef.
622 2293 646 2313 c.
662 2292 694 2322 5.
710 2293 748 2322 17
765 2283 843 2315 adn.
1047 2285 1070 2315 6
1094 2283 1162 2315 Hic
1179 2294 1252 2315 mos
1267 2307 1276 2316 .
1296 2308 1304 2316 .
1321 2308 1329 2316 .
1349 2289 1463 2316 seruat
1505 2308 1508 2310 .

242 2325 317 2357 Pal.
333 2336 347 2356 1
360 2327 395 2357 in
413 2337 521 2367 marg.
535 2325 692 2366 probante
710 2326 810 2358 Gron.
828 2337 836 2357 :
861 2327 916 2358 hic
933 2337 1007 2358 mos
1025 2349 1033 2358 .
1056 2350 1064 2358 .
1084 2350 1092 2358 .
1110 2328 1268 2359 seruabat
1282 2326 1398 2360 PCR:
1422 2327 1458 2359 hi
1466 2330 1486 2353 ἒ·
1502 2312 1508 2391 1

273 2390 281 2399 .
300 2390 308 2399 .
330 2371 531 2400 seruabatur
548 2369 709 2400 MBDAo
725 2370 813 2401 Edd.
838 2375 900 2402 uet.
926 2370 1101 2402 nonnulli:
1124 2371 1180 2402 hic
1200 2380 1275 2403 mos
1293 2372 1351 2412 qui
1368 2392 1378 2402 .
1396 2393 1405 2402 .
1424 2393 1434 2402 .
1503 2393 1505 2397 -

243 2412 341 2444 batur
360 2413 427 2445 ald.
449 2413 557 2445 Drak.
575 2424 583 2444 z
607 2413 660 2444 hic
683 2424 755 2444 mos
776 2425 876 2454 quem
893 2437 902 2445 .
921 2437 929 2445 .
951 2436 959 2444 .
977 2415 1135 2445 seruabat
1160 2414 1348 2455 Weissenb„
1367 2412 1459 2456 quod
1500 2399 1506 2434 l

237 2455 393 2494 Johnson
423 2499 449 2531 d
517 2457 597 2487 fecit
613 2456 681 2487 A⁷o
697 2457 759 2490 Ed.
776 2457 868 2499 Mog.
884 2459 966 2497 1518
980 2469 987 2488 :
1013 2458 1093 2489 fecit
1109 2463 1145 2490 ut
1163 2458 1190 2490 Π
1207 2458 1293 2491 Edd.
1310 2461 1385 2490 ante
1401 2458 1467 2495 Μ·Ἴ

243 2510 295 2538 27.
315 2501 346 2530 8.
366 2510 384 2540 7
401 2510 422 2530 a
446 2501 497 2540 n.)
1468 2518 1470 2523 ν
