1546 2756
157 156 296 194 XXVI
317 165 362 193 12
386 168 424 202 15
751 153 873 192 ΤΙΤΙ
905 152 1022 190 LIVI
1524 0 1546 252 ἒ

170 271 210 303 16
227 278 387 304 causam
400 263 640 303 transitionis
655 265 810 311 faceret,
826 261 966 302 mulier
978 267 1140 312 repente
1153 260 1360 311 Campana
1372 258 1414 299 in
1425 255 1546 319 castr}

227 333 350 379 uenit,
380 338 556 370 scortum
588 331 878 380 transfugarum
907 326 1036 375 unius,
1068 325 1298 376 indicatque
1326 324 1492 376 imperat

228 398 416 436 Romano
435 395 632 435 Numidas
653 395 790 434 fraude
806 392 1028 444 composita
1050 390 1236 431 transisse
1254 391 1482 442 litterasque
1526 387 1536 443 ’λ

171 473 207 509 17
228 461 501 501 Hannibalem
526 462 649 500 ferre:
677 459 720 499 id
748 472 874 498 unum
899 472 947 497 ex
973 457 1019 496 iis
1040 456 1109 508 qui
1133 455 1210 496 sibi
1232 469 1316 495 rem
1335 454 1512 507 aperuiss

227 539 389 578 arguere
423 538 510 565 sese
539 533 716 577 paratam
750 537 849 563 esse.
907 523 1133 561 Productus
1171 519 1301 571 primo
1333 519 1427 560 satis
1460 520 1546 573 coffi'}

229 599 377 631 stanter
396 590 576 642 ignorare
591 604 633 630 se
654 589 860 629 mulierem
877 587 1090 627 simulabat
1108 603 1117 627 t
1145 585 1337 638 paulatim
1349 587 1444 626 dein
1457 580 1546 643 conl}

228 657 357 696 uictus
377 656 480 696 ueris
499 670 593 695 cum
612 663 812 695 tormenta
833 653 944 706 posci
968 661 1007 693 et
1033 651 1161 704 parari
1183 652 1351 701 uideret,
1366 653 1492 692 fassus
1509 649 1546 704 id

171 728 209 759 18
228 722 282 761 ita
302 736 388 762 esse
407 723 640 772 litteraeque
660 722 846 772 prolatae.
907 718 1104 758 Additum
1131 717 1251 757 etiam
1274 716 1424 758 indicio
1442 702 1546 771 quoa

229 788 430 826 celabatur
455 794 495 826 et
522 786 622 825 alios
647 787 780 837 specie
809 785 1099 835 transfugarum
1128 781 1327 823 Numidas
1355 783 1487 835 uagari
1510 778 1546 829 it}-

170 868 209 902 19
228 853 363 892 castris
396 851 601 892 Romanis.
661 851 696 890 Ii
724 865 842 902 supra
867 850 1118 902 septuaginta
1144 848 1370 901 comprensi
1395 856 1435 889 et
1459 862 1544 890 cuz·

227 919 436 969 transfugis
452 917 567 958 nouis
580 917 742 958 mulcati
758 916 876 969 uirgis
892 916 1158 968 manibusque
1173 914 1359 968 praecisis
1372 915 1459 967 Cap
1494 943 1500 949 -
1519 958 1531 963 ,

227 984 467 1035 rediguntur.

164 1061 209 1099 13
282 1051 554 1100 Conspectum
583 1056 665 1088 tam
696 1048 805 1088 triste
836 1047 1075 1100 supplicium
1106 1046 1219 1099 fregit
1249 1048 1405 1086 animos
1438 1046 1538 1088 Cam

227 1128 435 1166 panorum.
511 1115 741 1155 Concursus
781 1115 834 1154 ad
878 1115 1028 1153 curiam
1068 1113 1208 1165 populi
1254 1114 1381 1152 factus
1424 1125 1536 1151 coe

229 1180 417 1220 Loesium
435 1188 617 1220 senatum
633 1195 776 1222 uocare
789 1196 801 1231 ;
819 1188 859 1221 et
870 1179 1110 1232 primoribus
1124 1178 1195 1231 qui
1208 1177 1289 1218 iam
1299 1179 1370 1219 diu
1384 1173 1532 1235 publi·

227 1246 401 1286 consiliis
437 1247 603 1286 aberant
639 1248 845 1299 propalam
878 1245 1134 1286 minabantur
1169 1244 1246 1286 nisi
1289 1245 1472 1285 uenirent

229 1316 410 1347 senatum
431 1307 534 1349 circa
551 1310 697 1350 domos
717 1323 857 1350 eorum
875 1309 1000 1349 ituros
1019 1321 1064 1350 se
1082 1307 1180 1350 etin
1192 1307 1399 1361 publicum
1412 1307 1532 1354 omn?

228 1376 267 1413 ui
298 1382 539 1414 extracturos
569 1389 669 1416 esse.
727 1376 770 1415 Is
797 1375 917 1415 timor
938 1376 1189 1427 frequentem
1216 1382 1399 1414 senatum

191 1460 206 1482 2
227 1440 364 1479 stratui
397 1441 591 1492 praebuit.
660 1440 724 1480 Ibi
754 1454 848 1480 cum
874 1441 994 1481 ceteri
1022 1442 1074 1480 de
1101 1438 1240 1491 legatis
1266 1438 1470 1479 mittendis

227 1507 481 1556 imperatores
495 1508 702 1546 Romanos
714 1514 885 1557 agerent,
901 1505 1045 1546 Vibius
1060 1505 1223 1555 Virrius,
1237 1507 1306 1557 qui
1319 1504 1490 1546 defectio
1500 1526 1528 1539 -2

190 1581 208 1612 3
227 1578 364 1611 auctor
377 1572 429 1611 ab
444 1573 637 1611 Romanis
651 1574 788 1621 fuerat,
805 1572 1069 1623 interrogatus
1083 1570 1334 1620 sententiam,
1351 1577 1470 1623 negat

227 1635 297 1687 qui
324 1638 375 1676 de
394 1637 531 1689 legatis
552 1646 591 1678 et
610 1639 661 1678 de
681 1651 780 1689 pace
797 1651 846 1677 ac
865 1637 1074 1678 deditione
1091 1638 1306 1688 loquantur
1323 1637 1488 1677 memini
1496 1640 1520 1682 j

226 1715 301 1741 nec
321 1702 419 1754 quid
439 1705 578 1742 facturi
598 1703 742 1743 fuerint
762 1704 794 1743 si
815 1705 1023 1743 Romanos
1043 1704 1086 1743 in
1105 1710 1301 1754 potestate
1320 1703 1509 1743 habuiss

188 1783 209 1814 4
226 1781 301 1807 nec
326 1768 424 1819 quid
457 1768 552 1820 ipsis
582 1769 815 1820 patiendum
843 1769 903 1809 sit.
968 1768 1132 1819 ‘QuidP
1156 1769 1252 1809 uos’
1279 1766 1408 1820 inquit
1439 1771 1450 1791 ‘

273 1869 313 1900 16
337 1869 503 1901 Numidas
521 1869 555 1909 C,
576 1869 671 1903 Frob.
690 1881 717 1904 1.
735 1881 778 1903 2:
800 1871 937 1902 numida
950 1869 1063 1910 PRM,
1079 1870 1310 1910 cf.§1oet27.
1327 1880 1379 1910 17.
1396 1880 1435 1902 12
1446 1866 1513 1902 ad'

228 1913 397 1944 numidam
415 1913 457 1943 M
459 1913 666 1946 2ΒΒΑθιιίσί.
835 1925 871 1954 17
898 1915 1057 1954 ignorare
1075 1925 1112 1946 se
1129 1914 1306 1946 mulierem
1322 1913 1516 1953 “Aldu-5:42

227 1957 400 1988 mulierem
418 1957 574 1996 ignorare
590 1958 645 1988 Αθ
661 1958 748 1990 Edd.
765 1962 842 1989 ante
856 1958 948 1998 Ald.‚
969 1959 1008 1999 cs}
1026 1969 1051 1990 c.
1070 1968 1099 1998 5.
1119 1969 1157 1998 17
1174 1958 1254 1992 adn.
1326 1958 1407 1990 dein
1426 1957 1452 1990 Π
1515 1967 1517 1970 ·

230 1999 332 2031 Gron.
348 2011 356 2031 ε
380 2001 504 2031 deinde
519 2001 669 2041 A⁷0ald.,
689 2003 728 2042 ff
748 2012 799 2042 27.
819 2012 872 2042 32.
887 2013 907 2041 4
924 2007 954 2033 et
968 2013 1021 2042 29.
1040 2013 1070 2043 3.
1088 2013 1110 2043 9
1126 2001 1230 2034 adnn.
1329 2001 1440 2034 fassus
1456 2009 1506 2039 π,

229 2044 311 2084 (om.
327 2043 360 2074 Β
372 2045 548 2076 conuictus
561 2069 569 2076 .
589 2066 598 2076 .
614 2069 621 2076 .
638 2046 729 2083 esse)
746 2057 754 2077 ι
772 2046 875 2077 falsus
892 2045 949 2077 D:
966 2046 1077 2078 fassus
1093 2051 1146 2078 est
1161 2045 1290 2086 Madv„
1300 2045 1386 2086 fort.
1403 2048 1483 2077 recte

231 2087 274 2136 13
286 2086 448 2118 Additum
462 2088 599 2120 Duker:
617 2094 651 2120 et
664 2089 813 2120 additum
831 2090 878 2121 Πθ
893 2091 946 2131 (cf.
963 2101 1014 2130 27.
1029 2101 1062 2130 4.
1079 2101 1118 2122 12
1130 2089 1226 2131 adn.)
1241 2099 1250 2121 t
1266 2094 1356 2122 sunt.
1384 2086 1492 2120 Addi'
1512 2105 1514 2112 ι

227 2130 308 2161 oltm
326 2131 528 2172 temptabam
657 2144 696 2173 19
721 2135 912 2174 comprensi
930 2147 967 2174 π,
980 2135 1019 2175 cfi
1033 2146 1058 2166 c.
1075 2145 1128 2174 27.
1147 2144 1165 2174 7
1183 2133 1284 2166 adm:
1308 2132 1507 2174 compr-eh·-

230 2172 347 2205 CDAo
491 2176 626 2208 mulcati
645 2177 802 2218 Lipsius:
827 2178 958 2209 multati
974 2192 1002 2211 π
1021 2178 1130 2211 (-ctati
1146 2177 1226 2218 Do),
1246 2178 1286 2218 cf.
1302 2178 1357 2210 28.
1373 2186 1428 2216 3ο.
1445 2173 1508 2218 1ηᾷ

270 2223 311 2266 ξ3
335 2228 356 2248 2
379 2225 522 2258 agerent
540 2219 799 2252 CR2MBDA0:
823 2227 966 2261 egerent
981 2221 1048 2253 PR
1124 2221 1254 2260 Vibius,
1272 2221 1310 2262 qs.
1327 2231 1379 2261 23.
1397 2221 1427 2252 6.
1443 2229 1459 2251 1
1506 2227 1507 2230 ’

226 2261 324 2310 ubius
339 2261 385 2301 P)
403 2266 433 2293 et
445 2261 487 2294 It.
506 2263 595 2295 Dial.
611 2269 646 2305 p.
670 2267 731 2305 158
750 2266 799 2301 (in
818 2264 1004 2306 campanis
1025 2266 1118 2297 inscc.
1132 2270 1336 2306 praenomen
1355 2265 1450 2305 frequ
1493 2266 1502 2305 ,ζ

225 2314 352 2354 ευῃιινη
375 2306 461 2337 inter
481 2318 566 2347 quas
589 2319 658 2339 una
683 2307 783 2350 (106)
811 2310 899 2340 hunc
923 2310 1034 2350 2'p3um
1062 2310 1177 2340 uirum
1203 2308 1259 2341 uel
1282 2307 1452 2340 maiorum
1481 2305 1501 2347 j

225 2348 369 2388 altquem
390 2350 522 2382 uidetur
541 2353 727 2390 nominare)
743 2363 751 2383 ε
776 2353 886 2384 uiuius
900 2353 972 2393 (hic,
991 2357 1021 2384 et
1035 2353 1162 2384 uiuium
1177 2353 1212 2385 in
1228 2362 1254 2385 c.
1268 2362 1318 2392 14.
1335 2352 1371 2393 3)
1390 2350 1449 2391 Π]
1471 2351 1502 2385 ii'

226 2395 289 2422 uet.
303 2392 447 2433 plerique
462 2405 469 2425 ε
493 2395 611 2425 subius
627 2395 660 2425 K
679 2399 722 2436 (et
736 2396 869 2427 subium
887 2397 923 2427 in
940 2407 963 2430 c.
979 2407 1030 2436 14.
1048 2397 1084 2439 3)
