1546 2756
543 163 869 203 PRAEFATIO

7 262 163 327 cipue
182 273 298 314 tironi
327 274 553 313 cauendum
581 279 641 313 est
669 285 721 312 ne
749 273 896 312 lemma
923 270 1022 312 illud
1050 273 1160 323 quod
1191 272 1366 311 Draken-

2 332 233 386 {borchius
260 338 302 377 in
328 338 504 378 editione
529 351 600 377 sua
624 336 810 377 Rhenani
835 336 1160 376 adnotationibus
1177 335 1363 387 praefixit,

0 390 203 463 Jsemper
227 417 352 443 unum
376 412 496 455 atque
525 403 632 443 idem
661 416 748 442 esse
776 403 912 442 credat
940 403 1051 454 quod
1076 403 1223 442 lemma
1242 400 1364 452 ipsius

13 582 31 587 .,
100 533 195 573 ald.¹
214 534 328 573 Frob.
354 547 384 573 1.
411 547 443 572 2.

12 643 21 666 1
100 598 141 639 Si
170 611 251 650 qua
282 605 322 638 et
355 600 572 638 Rhenanus
606 597 694 638 silet
731 611 806 637 nee
839 596 1051 638 lectionem
1082 604 1150 636 aut
1181 595 1365 636 editionis

13 660 216 722 {Aldinae
234 670 302 702 aut
324 663 596 703 Frobenianae
617 663 766 714 primae
786 670 912 702 mutat
925 664 965 701 in
980 664 1011 701 F
1014 662 1098 702 rob
1119 676 1138 700 2
1161 661 1363 710 Gelenius,

20 729 148 778 *hanc
167 728 379 769 lectionem
404 742 485 768 non
516 729 681 768 omnino
705 730 791 768 sine
817 730 994 780 pondere
1015 741 1100 767 esse
1121 728 1366 766 credendum

15 776 127 842 rexit,
149 793 297 845 quippe
316 807 418 845 quae
438 794 586 833 indicet
605 795 821 844 aliquando
836 795 975 833 saltem
996 794 1093 844 quid
1113 791 1317 843 Spirensi
1307 806 1365 831 1n-

88 861 184 908 erit;
212 872 454 911 quamquam
484 872 567 897 non
590 858 816 910 negauerim
837 865 876 898 et
902 858 1060 898 silentio
1081 858 1266 897 Rhenani
1287 871 1366 897 sae-

16 914 84 945 *⁸
73 924 205 964 issime
236 939 318 965 non
349 924 635 964 confidendum
668 937 755 964 esse
785 930 824 963 et
855 923 1069 964 Gelenium
1100 924 1272 963 Aldinae
1301 924 1366 962 uel

79 990 318 1030 robenianae
337 989 486 1042 primae
506 988 696 1028 lectiones
716 1002 788 1040 pro
808 988 864 1028 eis
883 1003 986 1040 quae
1001 989 1041 1028 in
1057 987 1197 1028 codice
1213 1001 1366 1040 repper-

16 1091 30 1106 ,t
99 1062 138 1095 et
156 1069 207 1102 re,
229 1063 272 1095 ut
292 1055 462 1103 uidetur,
480 1068 674 1106 perpensa
693 1055 801 1094 haud
821 1068 907 1094 raro
929 1054 1149 1095 retinuisse.

28 1121 51 1176 ⁵}
97 1120 190 1170 §90.
213 1122 280 1159 De
297 1121 406 1159 Folio
425 1120 654 1159 Monacensz
673 1119 910 1172 (Spissrensts)
943 1119 1130 1159 Rhenani
1149 1127 1189 1160 et
1209 1118 1365 1160 Gelenii

24 1178 165 1239 {ffidem
198 1184 382 1236 insignite
411 1184 662 1224 confirmauit
695 1184 834 1224 folium
863 1184 1070 1224 Monachii
1096 1186 1255 1225 saeculo
1286 1196 1364 1224 XIX

23 1241 263 1309 {inuentum
296 1251 456 1290 saeculo
487 1260 534 1289 XI
572 1257 785 1298 exaratum,
817 1251 927 1301 quod
955 1257 1023 1290 aut
1054 1250 1176 1302 ipsius
1214 1250 1364 1291 codicis

31 1323 39 1350 ἱ,
73 1315 237 1368 pirensis
269 1322 338 1354 aut
375 1316 515 1355 saltem
552 1315 735 1366 gemelli²
774 1328 860 1355 esse
891 1316 1042 1367 primus
1075 1315 1363 1356 demonstrauit

23 1382 30 1410 3²
58 1371 60 1374 ,
86 1388 226 1422 uentor
259 1382 324 1420 ille
353 1380 437 1420 eius
466 1387 506 1420 et
533 1380 672 1428 editor,
695 1381 861 1421 Carolus
891 1381 1046 1420 Halm.⁸
1105 1383 1198 1422 Hoc
1227 1381 1364 1421 folium

108 1477 119 1496 ‚
139 1445 233 1486 satis
253 1445 404 1498 integra
424 1445 533 1485 Libri
548 1446 735 1485 XXVIII
756 1458 788 1485 c.
808 1459 870 1496 39.
891 1449 937 1485 16
954 1445 1029 1498 (ita
1049 1445 1282 1498 uz'detur)-c.
1299 1460 1363 1494 41.

23 1511 28 1554 Ῐ,
72 1527 94 1552 2
126 1510 325 1564 (periculi)
358 1511 553 1563 praebens
587 1511 639 1550 ab
672 1512 900 1551 Alexandro
935 1514 1058 1564 Hope
1091 1513 1211 1563 Kyd⁴
1248 1513 1364 1551 huius

98 1577 228 1618 'tionis
258 1590 377 1617 causa
409 1575 686 1628 transcriptum
720 1584 790 1617 est.
846 1577 1012 1628 Vtrique
1043 1578 1209 1630 paginae
1238 1579 1364 1617 xxxvii

38 1632 178 1756 {arms
207 1650 311 1692 sunt,
333 1641 496 1694 singulis
525 1641 705 1682 uersibus
733 1656 819 1682 raro
849 1643 979 1682 minus
1002 1642 1043 1682 lii
1072 1656 1158 1683 raro
1188 1644 1276 1695 plus
1302 1645 1365 1684 lxv

104 1722 204 1750 erae.
253 1710 364 1749 Inter
403 1706 594 1747 lectiones
623 1709 816 1758 quasdam
846 1708 897 1747 ab
927 1708 1092 1748 Halmio
1121 1716 1161 1749 et
1189 1709 1364 1749 Luchsio

42 1757 336 1832 ’ᾐωεῒεῐῐηίεεαε
353 1774 451 1813 haec
466 1772 589 1824 digna
607 1780 700 1812 sunt
715 1786 817 1824 quae
838 1786 1079 1813 memorem:
1100 1788 1133 1813 c.
1155 1787 1219 1822 40.
1244 1789 1263 1813 2
1281 1788 1364 1812 cum

37 1833 207 1899 §laceret
227 1839 391 1892 praebet
417 1841 452 1879 S
473 1837 567 1879 satis
601 1839 732 1878 clare·
720 1869 733 1888 ‚
774 1838 907 1878 omisit
946 1852 1038 1878 mox
1075 1838 1182 1879 idem
1221 1853 1362 1880 uocem

40 1963 178 2018 §trum
201 1973 455 2015 con-semplomm
480 1974 640 2013 corrigat,
658 1973 718 2004 sed
742 1972 820 2013 quia
837 1982 904 2004 uox
917 1972 1100 2014 insequens
1117 1984 1193 2005 cum
1209 1973 1306 2006 deest
1329 1974 1362 2006 in

44 2020 178 2113 ffina,
203 2029 247 2065 tu,
267 2026 295 2056 si
319 2025 490 2057 Rhenano
517 2025 648 2064 credas,
666 2025 792 2057 debeas
819 2025 1021 2057 concludere
1037 2036 1111 2057 eam
1133 2030 1168 2057 et
1193 2026 1227 2064 in
1246 2026 1362 2058 codice

101 2087 212 2110 uisse:
238 2087 305 2118 qua
321 2078 363 2109 de
385 2087 485 2109 causa
504 2087 570 2109 om.
586 2077 705 2109 ‘cum'
723 2076 773 2119 Sp
791 2081 830 2109 ut
843 2077 911 2109 uid.
929 2077 983 2109 hic
1005 2077 1136 2119 scripsi,
1161 2088 1361 2119 quamquam

45 2124 154 2177 Qum
187 2131 303 2164 folium
336 2132 546 2163 Monacense
569 2131 630 2174 (S)
662 2143 738 2164 cum
770 2137 922 2164 testatur.
971 2132 1010 2163 In
1040 2132 1105 2163 hoc
1136 2133 1256 2164 eodem
1288 2133 1361 2165 loco

47 2178 166 2216 huma
181 2183 452 2215 Drakenborchii
471 2193 552 2216 uera
566 2185 757 2224 detorquet.

65 2232 103 2255 ²
125 2234 176 2266 De
191 2235 287 2275 siglis
302 2235 415 2267 Aldus
429 2240 463 2267 et
477 2234 542 2268 ald.
562 2236 641 2267 uide
658 2246 693 2276 p.
713 2235 832 2268 xxxix.

50 2279 246 2370 demNeque
273 2291 384 2319 tamen
411 2293 463 2318 est
494 2297 556 2318 cur
582 2288 647 2328 ipsi
674 2287 829 2328 Spirensi
856 2287 920 2320 hoc
947 2287 1065 2319 solium
1091 2287 1274 2319 attribuere
1302 2288 1360 2319 du-

151 2347 202 2370 us.

59 2386 107 2417 *³³5⁸
124 2387 417 2432 Smungsbm'chte
434 2390 568 2423 Manch.
585 2390 698 2423 Akad.
719 2393 802 2432 ¹869
828 2391 872 2431 11,
893 2401 925 2432 p.
943 2392 1008 2432 580
1020 2402 1068 2431 sq.

89 2438 105 2462 ⁴
124 2439 175 2474 Cf.
194 2441 302 2475 Praef.
320 2442 417 2474 Tomi
435 2442 455 2483 i,
475 2453 508 2483 p.
526 2452 582 2474 xx.

662 2494 750 2533 xxiii
