1546 2756
390 155 463 193 AB
493 153 648 192 VRBE
675 153 940 193 CONDITA
1111 153 1250 191 XXVI
1272 160 1329 202 45
1350 163 1368 200 7

20 250 22 253 .
58 264 155 304 bus
191 263 358 312 cumbis,
398 276 507 303 nunc
537 261 609 302 ubi
637 275 710 302 eae
747 261 920 302 siderent
949 261 1063 301 uadis
1092 269 1326 314 peruagatos

60 341 89 375 χιι
115 342 194 378 um,
223 336 474 380 compertum
502 327 676 367 habebat
705 327 862 367 facilem
887 327 1059 379 pedibus
1087 329 1140 367 ad
1168 340 1327 366 murum

58 414 77 429 »ι
108 393 206 434 itum
218 394 314 444 dari,
329 408 378 433 eo
393 407 531 434 secum
545 401 718 433 armatos
731 393 972 444 quingentos
987 393 1109 432 duxit,
1142 392 1326 432 Medium
1346 399 1364 429 8

54 473 124 510 Ιιι»,
137 459 217 500 diei
236 467 330 508 erat,
352 467 391 499 et
411 460 464 499 ad
483 458 536 507 id,
559 459 672 509 quod
690 472 762 498 sua
790 466 934 509 sponte
953 460 1122 498 cedente
1147 458 1190 496 in
1218 470 1327 496 mare

26 571 27 574 Ἴ
129 525 357 564 trahebatur
375 538 490 575 aqua,
503 537 595 563 acer
605 523 727 564 etiam
739 523 955 575 septentrio
969 532 1078 563 ortus
1093 522 1326 562 inclinatum

26 635 28 641 Α
59 583 88 627 ²1
114 603 182 629 um
202 591 347 630 eodem
365 603 447 641 quo
466 598 598 629 aestus
619 589 770 629 ferebat
790 596 829 628 et
847 590 953 628 adeo
979 590 1200 628 nudauerat
1222 589 1328 628 uada

58 643 67 683 Τ
101 654 157 695 ibi
175 656 368 696 umbilico
387 662 505 695 tenus
522 668 629 706 aqua
644 661 761 703 esset,
774 654 870 694 alibi
883 667 1014 706 genua
1030 654 1096 693 uix
1110 660 1323 706 superaret.

27 713 33 737 ζ’
61 729 82 771 ξ
130 734 226 760 cura
261 734 310 760 ac
339 722 494 760 ratione
523 727 775 771 compertum
806 718 848 758 in
885 719 1111 771 prodigium
1148 733 1197 759 ac
1227 721 1326 760 deos
1345 733 1367 766 9

28 771 40 831 Α,
96 799 157 825 ns
176 785 312 837 Scipio
330 786 400 838 qui
419 787 474 826 ad
491 785 702 825 transitum
723 786 920 825 Romanis
939 798 1050 824 mare
1067 792 1268 825 uerterent
1286 792 1328 825 et

30 893 36 904 ,Ἴ
120 869 126 885 =
173 852 373 891 auferrent
409 851 576 902 uiasque
612 858 706 890 ante
742 864 951 902 nunquam
988 849 1107 890 initas
1147 851 1327 891 humano

31 901 40 967 ἶ
56 915 167 970 ’gio
184 915 395 968 aperirent,
415 918 653 968 Neptunum
678 916 844 956 iubebat
866 918 1012 957 ducem
1039 916 1188 957 itineris
1211 916 1326 969 sequi

32 980 36 1028 ’ἶ
61 984 199 1023 edio
217 990 360 1034 stagno
377 984 551 1024 euadere
568 984 622 1023 ad
641 983 812 1023 moenia.

90 1048 120 1088 b
137 1055 238 1089 terra
257 1047 399 1100 ingens
415 1049 529 1088 labor
548 1048 858 1089 succedentibus
877 1056 986 1100 erat3
1013 1063 1091 1089 nec
1114 1048 1326 1089 altitudine
1344 1050 1401 1099 46

35 1119 38 1159 ἶ
67 1103 83 1118 ⁶
114 1127 155 1154 m
186 1114 393 1154 moenium
425 1114 757 1166 impediebantur,
779 1117 851 1156 sed
880 1118 992 1167 quod
1023 1120 1047 1158 †
1064 1119 1240 1158 euntes†
1271 1118 1326 1156 ad

36 1177 46 1183 '⁷
75 1187 85 1192 “
101 1179 191 1220 ·ites
222 1181 422 1232 utrimque
452 1181 554 1220 ictus
581 1181 782 1221 subiectos
808 1182 1011 1222 habebant
1034 1184 1255 1231 Romanos,
1282 1191 1326 1223 ut

37 1241 42 1290 ’,
82 1241 85 1243 ’
137 1245 342 1286 infestiora
365 1245 631 1286 subeuntibus
657 1261 780 1299 quam
805 1249 975 1287 aduersa
994 1261 1159 1299 corpora
1179 1256 1322 1288 essent.

39 1316 41 1320 ⁴
71 1306 78 1321 ⁷
93 1308 95 1311 ’
159 1324 183 1351 e
200 1310 280 1353 †in
297 1312 376 1351 alia
394 1310 621 1362 quingentis
641 1319 681 1351 et
699 1326 771 1364 per
789 1320 973 1364 stagnum
992 1313 1117 1353 facilis
1140 1314 1324 1354 transitus
1346 1330 1361 1352 2

50 1375 52 1377 ’
104 1390 276 1418 ‚murum
294 1378 513 1417 adscensus
531 1377 626 1417 inde
647 1377 720 1418 fuit
732 1393 746 1428 3
772 1391 866 1418 nam
888 1392 1021 1430 neque
1039 1392 1159 1430 opere
1175 1379 1326 1419 emuni-

132 1450 166 1483 t
183 1450 228 1483 ut
246 1442 318 1483 ubi
337 1442 461 1495 ipsius
481 1443 559 1483 loci
577 1457 625 1483 ac
646 1442 774 1494 stagni
793 1443 993 1495 praesidio
1013 1444 1107 1484 satis
1129 1445 1324 1486 creditum

93 1581 96 1583 -
162 1539 214 1573 Α1
231 1540 286 1572 uel
296 1539 415 1573 ΛΑΜ.
431 1539 531 1574 Frob.
548 1552 576 1573 1.
594 1552 635 1572 2:
660 1552 702 1573 ea
716 1544 764 1575 πθ
919 1542 1014 1574 uadis
1029 1541 1079 1572 Al
1095 1542 1163 1584 ipse
1173 1543 1227 1585 (ut
1237 1542 1323 1582 uid.)

0 1582 1 1586 ¹
101 1619 104 1620 γ
128 1583 195 1618 ald.
211 1596 221 1617 ε
244 1585 342 1625 uagis
360 1584 526 1626 n(xA?)J:
550 1585 636 1624 mag’
654 1585 693 1616 K
880 1586 1026 1627 pedibus
1041 1586 1135 1619 wald.
1153 1598 1161 1618 ι
1184 1597 1251 1619 om.
1267 1587 1325 1619 Ao

44 1627 56 1659 εἴ
90 1639 109 1669 χ
142 1639 185 1661 eo
200 1639 313 1661 secum
334 1627 435 1659 Gron.
451 1640 458 1660 :
482 1639 543 1660 eos
559 1639 638 1660 eum
653 1628 707 1661 P:
729 1639 790 1661 eos
808 1628 891 1662 wo:
917 1641 959 1661 eo
976 1629 1034 1660 M²
1050 1629 1124 1661 dett.
1142 1630 1210 1662 ald.
1228 1630 1322 1663 Frob.

91 1677 96 1683 ⁶
221 1673 426 1713 quingentos
443 1672 506 1713 (Le.
524 1673 573 1711 d.)
590 1673 727 1714 ln'cpost
739 1679 887 1705 armatos
902 1673 980 1705 add.
999 1673 1186 1714 Weztssenb„
1197 1678 1325 1715 posteo

102 1719 106 1721 ’
134 1725 210 1748 exc.
223 1718 275 1755 46.
291 1725 313 1747 2
330 1716 393 1757 (.d.
409 1716 495 1747 illud
497 1715 637 1756 facilius
655 1721 732 1748 ante
750 1718 844 1749 duxit
860 1718 973 1749 omitti
980 1718 1122 1758 poterat)
1137 1729 1146 1749 :
1168 1718 1328 1759 ignorant

98 1763 101 1769 ’
122 1783 133 1800 ,
147 1770 186 1793 c.
205 1770 267 1802 e.g.
287 1770 313 1790 c.
330 1761 383 1799 38.
401 1769 437 1790 11
451 1763 483 1790 et
495 1769 548 1800 29.
568 1761 622 1791 28.
640 1770 680 1792 10
695 1759 798 1793 adnn.
996 1762 1018 1792 8
1041 1766 1138 1793 aestu
1157 1760 1259 1793 C⁴M²
1276 1762 1329 1793 uel

103 1813 142 1836 ειν
162 1802 218 1836 d.:
248 1808 361 1835 aestut
380 1802 432 1836 P:
461 1808 515 1835 est
539 1808 577 1835 ut
594 1803 810 1835 CPRMDA?
822 1815 830 1835 :
861 1809 955 1836 estus
970 1803 1004 1835 Β
1245 1805 1325 1836 alibi

106 1851 123 1871 ¹r·
151 1847 188 1888 o)
207 1845 251 1880 ΓΡ
267 1847 320 1878 uel
335 1846 419 1879 n10:
444 1847 504 1879 libi
518 1845 554 1878 P
795 1859 817 1888 9
841 1853 1016 1880 uerterent
1034 1849 1104 1880 UO:
1127 1853 1325 1881 auerterent

103 1887 312 1923 'dubitanter
531 1895 652 1931 stagna
668 1890 768 1934 (auf-)
785 1891 882 1924 wald.
897 1904 903 1923 :
929 1897 1087 1933 stagnum
1103 1892 1159 1923 Ao
1173 1905 1181 1925 :
1205 1897 1325 1934 stagno

100 1963 110 1974 ¹„
135 1934 228 1976 quod
242 1936 250 1952 ‘
262 1934 414 1976 optimis'
431 1935 580 1966 attribuit

121 1983 141 2010 ἰ
164 1978 255 2018 quod
279 1984 403 2010 euntes
428 1978 498 2019 (uel
515 1979 590 2017 -tis)
615 1978 732 2010 neald.
754 1978 851 2010 Frob.
868 1989 896 2010 1.
914 1989 956 2011 2:
980 1980 1134 2011 coeuntis
1152 1979 1207 2012 N:
1229 1980 1324 2012 casti-

108 2035 110 2037 *
133 2036 139 2046 ι
186 2033 221 2054 m
239 2021 341 2054 Gron.
367 2022 406 2063 (ι’)
430 2027 465 2053 et
485 2027 632 2062 tuentes,
660 2023 712 2063 (ii)
735 2023 826 2063 quod
850 2023 1030 2063 adeuntes,
1061 2023 1124 2064 (iii)
1149 2027 1184 2054 et
1207 2024 1326 2055 cuneis

8 2079 13 2096 κ
56 2100 58 2102 ,
124 2083 126 2085 -
154 2080 183 2091 «ι
202 2076 211 2096 :
241 2065 303 2097 alii
321 2065 388 2097 alia
406 2069 487 2107 post
507 2067 598 2106 quod
621 2066 714 2105 add.‚
736 2077 798 2107 ag.
823 2072 1061 2108 superstantes
1083 2067 1241 2108 Doning,
1267 2069 1325 2099 de-

207 2107 378 2141 Weissenb.
411 2115 491 2141 (om.
516 2110 631 2150 quod),
656 2121 675 2141 e
706 2111 854 2142 turribus
881 2115 1073 2151 pugnantes
1098 2110 1148 2141 M.
1176 2109 1322 2152 Mueller,

111 2148 150 2178 f*-
186 2151 426 2194 Friedersdorff
453 2154 570 2184 hostes
594 2153 705 2184 Luchs
728 2155 812 2194 1879
834 2155 896 2194 qui
910 2158 1023 2195 postea
1048 2155 1163 2195 (1889)
1188 2159 1324 2186 tuentes

145 2210 149 2219 .
165 2210 172 2221 .
187 2197 216 2234 )
238 2196 428 2228 dubitanter
443 2197 568 2237 accepit.
617 2197 706 2228 Cum
721 2201 751 2228 et
765 2198 999 2229 nominatiuus
1013 2202 1043 2229 et
1057 2197 1196 2229 uerbum
1215 2199 1326 2238 magis

134 2257 138 2266 «ι
185 2238 412 2280 affluerentur,
431 2241 520 2280 quod
535 2238 750 2283 <defensores
764 2239 926 2285 adgred-)
940 2242 1051 2273 ientes
1069 2242 1131 2283 (zze.
1150 2241 1223 2281 -tis)
1240 2241 1326 2272 coni-

115 2283 135 2322 ’ᾖ
164 2282 266 2315 lineas
280 2284 315 2314 in
331 2284 499 2325 archetypo
514 2283 550 2315 in
566 2284 603 2315 -d
619 2284 731 2315 exiisse
746 2289 841 2316 ratus
856 2288 886 2316 et
905 2296 982 2317 cum
1003 2286 1037 2316 d-
1056 2285 1190 2326 coepisse
1205 2284 1324 2317 alteru-

59 2355 66 2369 ἔ,
111 2360 113 2362 ,
119 2324 316 2369 bantur
331 2328 391 2358 sed
409 2328 498 2367 quod
518 2327 524 2370 Ι
546 2327 745 2359 defensores
760 2327 931 2369 adgred-),
951 2328 990 2368 cf
1007 2339 1033 2360 c.
1050 2331 1082 2360 6.
1100 2330 1140 2360 16
1157 2328 1236 2360 adn.

60 2403 74 2413 Ι,
162 2369 198 2401 in
218 2370 285 2402 alia
306 2370 453 2404 {TN-ald.
477 2371 574 2403 Frob.
595 2381 624 2402 1.
649 2381 692 2403 2:
714 2377 811 2412 parte
834 2372 868 2403 in
890 2373 991 2404 aliam
1015 2372 1085 2403 A⁷o
1111 2373 1187 2413 (hac
1203 2376 1268 2413 pro
1289 2376 1324 2404 at

62 2441 68 2454 ,ζ
114 2417 127 2460 μζ
162 2414 218 2452 ⁸)t
248 2414 282 2446 in
308 2415 497 2457 suspicatur
516 2418 592 2446 recte
617 2414 814 2449 Weiss-enh:
843 2415 876 2447 si
895 2415 978 2457 quid
1002 2415 1218 2456 mutandum,
1237 2415 1322 2456 sort.

67 2480 73 2487 .
114 2477 128 2494 a
158 2472 161 2474 ·
192 2457 245 2490 'nn
259 2458 490 2498 scribendum3
513 2459 624 2499 utique
639 2459 672 2490 in
689 2459 829 2491 deletum
849 2459 948 2491 uelim
