1546 2756
697 140 1022 182 PRAEFATIO

198 257 332 310 potius
344 269 469 308 quam
484 253 638 306 parenti
657 252 713 291 illi
729 253 759 293 Σ
775 251 938 290 forsitan
957 248 1166 299 adsignare
1185 249 1314 288 liceat.
1372 250 1464 301 Dep
1489 267 1506 284 :

200 322 380 362 uationes
400 335 495 360 uero
515 321 567 359 de
585 317 788 364 industria,
805 324 848 355 ut
868 316 922 355 ita
940 314 1083 362 dicam,
1101 316 1225 353 factas
1236 321 1277 354 et
1287 315 1502 367 glossema·

200 387 241 426 in
269 394 458 427 contextu
485 384 637 423 inclusa
664 396 748 422 non
775 382 905 421 solum
930 379 972 419 in
996 381 1026 423 Σ
1054 379 1110 431 (et
1130 381 1183 422 ΣΟι
1201 377 1297 432 etc.)
1313 380 1437 420 fuisse
1454 378 1506 420 s-'

201 452 319 492 etiam
340 453 382 490 in
401 453 445 490 P
464 450 657 489 nonnulla
676 460 798 487 nemo
824 459 969 497 negare
991 444 1137 496 poterit
1158 444 1228 496 qui
1253 452 1293 484 et
1313 457 1442 497 pauca
1460 444 1487 485 il

200 519 252 557 ad
283 529 344 567 27.
378 519 437 556 26.
474 530 521 554 10
550 515 640 554 adn.
676 515 847 554 collecta
875 510 1089 563 respexerit
1115 517 1158 550 et
1184 512 1369 562 exempla
1394 509 1501 563 qual·

201 582 379 621 inuenies
405 582 457 621 ad
488 594 547 630 27.
575 594 634 631 13.
659 591 708 630 73
746 591 807 629 27.
832 589 892 627 2,7.
920 590 937 616 1
959 583 999 616 et
1020 590 1074 628 33
1113 588 1174 627 27.
1198 590 1262 628 39.
1287 589 1334 626 13
1356 574 1435 630 (Ρ),
1463 589 1484 616 2

201 659 265 697 45.
291 661 364 695 123
394 658 455 696 27.
485 660 547 696 49.
575 659 623 695 13
652 647 712 684 28.
741 646 800 683 18.
824 655 874 694 73
905 644 966 681 28.
990 655 1053 693 32.
1077 641 1196 693 9(?);
1235 643 1298 681 28.
1320 652 1386 692 37.
1408 641 1503 695 5(?'

203 714 264 750 28.
287 726 347 762 39.
372 726 422 762 33
455 714 514 751 28.
536 725 599 760 40.
623 723 672 762 53
703 725 763 760 29.
791 713 850 749 16.
876 720 910 759 7.
959 709 1060 747 Sunt
1087 708 1210 748 etiam
1237 706 1421 747 nonnulli
1449 707 1505 750 lo<
1544 717 1545 720 ¹

199 777 269 816 ubi
285 777 497 816 uerborum
517 776 668 815 ordinis
687 777 787 814 inter
799 777 888 813 Pet
903 775 934 816 Σ
949 771 1115 812 uariatio
1135 772 1244 821 inde,
1256 779 1300 811 ut
1314 771 1464 812 credim
1503 779 1505 782 ’
1540 826 1542 829 .

197 850 286 881 orta
298 849 357 881 est
369 843 479 893 quod
490 843 728 892 glossemata
738 840 884 878 inserta
896 846 1007 878 erant
1021 837 1064 877 in
1077 838 1338 888 archetypum
1350 837 1463 890 (uide
1473 843 1506 894 sJ
1539 849 1542 851 ’

199 919 266 957 ς27.
286 920 348 957 34.
364 921 386 957 3
407 907 531 959 adn.).
586 908 637 945 Et
658 905 724 945 uix
741 904 912 944 dubium
933 911 992 943 est
1011 902 1110 954 quin
1129 902 1373 943 mutationes
1391 902 1434 942 in
1452 904 1500 943 Ρ
1538 913 1541 954 g

199 981 319 1012 teano
335 980 511 1023 repertae
529 971 731 1022 archetypi
746 970 1035 1010 correctoribus
1051 968 1289 1008 tribuendae
1302 967 1382 1008 sint
1393 968 1478 1021 poti
1488 960 1505 1022 ι’
1536 1016 1539 1025 μ

199 1050 322 1088 quam
338 1040 516 1077 Puteano
532 1037 605 1089 ipsi
621 1051 634 1086 3
661 1036 774 1076 cuius
790 1035 920 1075 scriba
938 1034 1179 1074 sententiam
1197 1033 1410 1075 Liuianarn
1426 1034 1469 1075 ni
1480 1055 1500 1071 ι»

200 1104 436 1151 morabatur,
459 1105 529 1142 sed
547 1105 745 1154 glossema
772 1102 838 1142 uel
866 1100 1097 1141 correctoris
1121 1101 1322 1141 medelam
1351 1099 1419 1141 hic
1446 1100 1473 1140 il
1494 1155 1497 1157 q
1532 1152 1537 1162 ἢ

200 1170 313 1220 quasi
329 1183 422 1208 casu
438 1169 583 1220 recepit
597 1167 734 1221 (etiam
750 1167 820 1207 ubi
835 1168 1006 1206 eandem
1019 1166 1149 1206 scriba
1160 1165 1312 1206 codicis
1327 1167 1358 1210 Σ
1372 1168 1480 1219 negl
1531 1165 1537 1229 s

201 1234 311 1286 erat).
350 1234 502 1275 Contra
517 1233 782 1272 mutationum
803 1231 1144 1283 Spirensianarum
1163 1230 1250 1272 siue
1267 1230 1310 1271 in
1329 1232 1362 1276 Σ
1379 1233 1467 1273 siue
1530 1238 1533 1282 j

199 1299 277 1338 alio
296 1300 347 1338 ab
366 1299 434 1338 illo
449 1299 627 1339 deriuato
640 1298 812 1349 primum
826 1299 1018 1337 factarum
1031 1298 1229 1348 permulta
1240 1304 1334 1338 sunt
1345 1310 1459 1339 exem
1470 1313 1490 1333 r·
1528 1350 1531 1355 Ι

202 1363 262 1415 (cf.
283 1378 356 1415 e.g.
380 1379 439 1415 29.
467 1378 527 1404 12.
552 1376 573 1415 5
595 1364 736 1416 adn.).¹

257 1429 276 1478 ξ
296 1441 357 1479 97.
379 1431 444 1468 De
475 1431 646 1469 Versibus
661 1431 673 1450 ²
693 1430 852 1470 omissis.
909 1428 1078 1469 Puteani
1099 1428 1254 1486 scribae
1277 1431 1492 1481 neglegens,
1526 1421 1531 1427 ⁵

201 1508 397 1546 nusquam
430 1495 524 1534 alibi
557 1495 681 1547 magis
718 1502 827 1546 patet
863 1508 985 1545 quam
1022 1495 1134 1546 quod
1166 1495 1308 1535 crebro
1339 1497 1429 1536 cola
1483 1527 1489 1535 ».
1524 1488 1528 1552 J

202 1560 412 1599 uerborum
446 1559 585 1599 seriem
619 1574 777 1611 prorsus
805 1560 1078 1612 praetermisit.
1143 1560 1233 1601 Nec
1258 1574 1356 1600 uero
1384 1559 1479 1600 1116Ῑί

202 1624 427 1675 intellegere
447 1638 657 1676 possumus
677 1633 872 1676 quantum
892 1625 1082 1676 profuerit
1095 1625 1257 1665 traditio
1271 1624 1461 1678 Spirens'
1483 1654 1484 1657 =
1522 1613 1526 1633 Ξ

203 1702 323 1740 quam
350 1689 382 1729 si
404 1691 656 1729 recordamur
675 1691 822 1730 omissa
840 1690 882 1729 in
901 1692 1147 1741 Ppleraque
1164 1704 1236 1743 per
1261 1690 1371 1731 illam
1395 1690 1439 1731 in
1473 1711 1478 1720 =

204 1754 331 1794 Libris
347 1757 526 1806 suppleta
540 1769 636 1795 esse.
660 1757 945 1807 Supplementa
958 1757 1261 1807 autem—quod
1274 1755 1354 1796 iam
1369 1756 1479 1808 prid

204 1828 484 1871 perspexerunt
514 1821 586 1860 uiri
615 1821 723 1860 docti
735 1821 899 1861 ³——totis
927 1821 1109 1861 uersibus
1138 1820 1309 1861 Puteani
1334 1820 1436 1875 (quo
1480 1838 1483 1869 ·;

204 1898 306 1924 unus
326 1886 492 1936 quisque
507 1887 644 1924 xv—xxi
660 1887 763 1925 sere4
784 1887 930 1926 litteras
949 1885 1141 1938 praebet),
1157 1886 1227 1926 uni
1246 1887 1312 1927 uel
1330 1887 1475 1939 plurib
1517 1874 1520 1890 ³

206 1949 413 1989 maximam
429 1959 580 2001 partem
601 1959 692 1990 sunt
710 1952 829 2002 paria.
889 1952 1000 1992 Hinc
1019 1952 1114 1991 satis
1132 1952 1346 2003 probatum
1361 1959 1423 1992 est
1475 1962 1478 1965 ⁴

205 2015 312 2054 sibus
343 2017 511 2055 eandem
543 2030 766 2056 mensuram
796 2018 1037 2057 habentibus
1065 2025 1105 2057 et
1134 2019 1334 2069 exemplar
1361 2031 1475 2070 quor.
1512 2063 1517 2079 Ι

248 2163 260 2183 ¹
285 2164 391 2195 Multo
410 2164 506 2204 plura
522 2170 603 2196 sunt
620 2176 718 2205 quam
732 2177 817 2205 quae
835 2165 879 2196 ibi
899 2162 1033 2205 collegi.

248 2215 261 2235 ²
285 2216 324 2246 In
340 2215 403 2247 hac
431 2216 645 2247 Praefatione
668 2228 784 2248 uocem
806 2219 966 2248 ‘uersus'
991 2219 1156 2249 adhibere
1178 2217 1294 2259 malui,
1318 2227 1441 2258 quamq
1465 2216 1470 2235 '²

204 2265 424 2298 Waltersium
443 2267 569 2308 (praes.
587 2268 680 2300 Tom.
698 2269 737 2310 ii)
753 2274 890 2300 secutus
905 2270 939 2300 in
958 2270 1060 2302 adnn.
1079 2280 1165 2301 uoce
1183 2271 1193 2288 ⁴
1205 2269 1317 2301 linea'
1330 2279 1414 2300 usus
1432 2262 1469 2304 ε’
1510 2295 1511 2299 ,

248 2318 261 2338 ⁸
284 2318 416 2349 Horum
434 2318 469 2349 in
492 2319 610 2359 primis
635 2322 860 2352 nominandus
876 2325 929 2352 est
943 2321 1167 2361 Waltersius‚
1183 2331 1218 2354 u.
1237 2320 1350 2353 Praef.
1375 2320 1470 2352 Tow'
1507 2325 1510 2334 ¹

204 2380 261 2410 pp.
281 2380 406 2401 xv—xx.

249 2420 263 2441 ⁴
287 2421 346 2453 Le.
365 2431 536 2461 nunquam
555 2423 666 2454 minus
681 2423 750 2464 xiv,
768 2434 939 2464 nunquam
955 2424 1101 2465 amplius
1118 2425 1202 2456 xxii.

813 2479 915 2519 xxxii
