1546 2756
175 157 314 197 XXVI
334 157 393 206 36
412 161 434 194 6
771 152 892 193 TITI
922 153 1042 191 LIVI

209 280 226 317 7
246 268 424 320 possint:
475 267 596 307 ceteri
633 272 837 306 senatores
875 263 1017 303 libram
1054 263 1207 314 argenti
1245 270 1426 305 tantum:
1478 282 1485 297 ι
1504 282 1513 298 ;

246 332 387 385 signati
405 333 528 384 quina
548 330 656 371 milia
675 332 716 370 in
735 329 912 381 singulos
930 337 1061 381 patres
1087 328 1260 369 familiae
1278 327 1500 380 relinquam
1510 326 1520 362 ἐ

208 407 227 438 8
246 407 421 439 ceterum
439 410 561 438 omne
583 410 723 437 aurum
742 403 948 447 argentum
968 408 1035 434 aes
1056 395 1255 445 signatum
1273 394 1326 434 ad
1346 393 1504 434 triumu’

245 464 461 505 mensarios
491 464 690 514 extemplo
717 463 942 502 deferamus
964 461 1076 499 nullo
1095 467 1189 499 ante
1208 467 1369 500 senatus
1388 472 1487 498 cons
1511 471 1516 493 ἰ

245 532 360 579 facto,
396 539 441 571 ut
471 529 696 570 uoluntaria
728 527 902 568 conlatio
934 534 974 567 et
1005 534 1209 566 certamen
1236 523 1512 566 adiuuandae

245 597 430 648 publicae
456 595 599 635 excitet
622 596 675 634 ad
702 594 986 634 aemulandum
1012 594 1169 632 animos
1188 591 1362 644 primum
1380 602 1503 643 eques
1512 587 1519 632 f

206 678 227 712 9
245 661 405 710 ordinis,
422 661 516 701 dein
536 662 710 711 reliquae
728 659 867 710 plebis.
927 660 1048 698 Hanc
1067 671 1190 697 unam
1209 657 1317 697 uiam
1332 658 1458 696 multa
1474 655 1482 664 ⁸
1495 675 1503 691 ·

244 740 318 766 nos
349 725 551 766 conlocuti
579 727 763 765 consules
790 724 1042 772 inuenimus;
1082 721 1336 776 ingredimini
1368 721 1431 763 dis
1479 739 1517 774 v„

245 793 485 832 iuuantibus.
543 793 626 831 Res
658 790 821 842 publica
850 789 1063 830 incolumis
1094 797 1134 830 et
1166 788 1340 842 priuatas
1368 801 1430 828 res
1457 788 1485 828 f
1505 798 1514 847 4>

245 859 375 898 saluas
395 864 589 909 praestat:
618 856 781 908 publica
799 857 1010 908 prodendo
1029 863 1099 895 tua
1118 854 1362 907 nequiquam
1383 867 1506 894 seru
1544 871 1546 884 τ

187 938 227 960 10
299 924 349 963 In
369 924 467 963 haec
487 931 599 962 tanto
617 922 754 962 animo
773 936 1016 962 consensum
1036 929 1096 962 est
1125 929 1170 961 ut
1190 920 1338 974 gratiae
1356 921 1462 960 ultro
1487 938 1504 978 ⁶.
1540 929 1543 934 '

188 1006 223 1028 11
245 991 396 1031 sulibus
441 998 662 1043 agerentur.
729 992 879 1030 Senatu
915 989 1012 1030 inde
1048 989 1172 1030 misso
1209 1002 1283 1041 pro
1321 1002 1367 1029 se
1401 986 1507 1041 quis

242 1070 384 1096 aurum
408 1066 615 1109 argentum
638 1064 677 1096 et
699 1070 767 1096 aes
794 1056 836 1096 in
864 1056 1072 1108 publicum
1101 1057 1322 1104 conferunt,
1351 1062 1466 1097 tanto
1506 1064 1510 1069 ⁴

243 1122 392 1162 tamine
411 1123 558 1163 iniecto
576 1130 620 1162 ut
639 1122 766 1175 prima
784 1130 854 1162 aut
872 1123 975 1162 inter
989 1121 1138 1174 primos
1158 1121 1322 1162 nomina
1337 1134 1410 1161 sua
1423 1134 1474 1162 ue
1494 1124 1506 1171 ff

243 1187 284 1226 in
322 1188 491 1239 publicis
524 1188 670 1228 tabulis
703 1201 791 1228 esse
821 1195 866 1227 ut
895 1201 972 1228 nec
1003 1185 1199 1228 triumuiri
1226 1185 1468 1238 accipiundo
1498 1191 1499 1194 ’

187 1269 222 1292 12
243 1253 396 1293 scribae
424 1255 637 1293 referundo
665 1255 903 1293 sufficerent.
964 1254 1091 1294 Hunc
1128 1265 1374 1293 consensum
1409 1265 1454 1293 se
1490 1265 1502 1286 2¹
1532 1262 1533 1267 ’

243 1326 426 1369 equester
445 1320 544 1359 ordo
564 1326 623 1358 est
643 1327 813 1367 secutus,
837 1318 1031 1370 equestris
1049 1318 1201 1359 ordinis
1219 1317 1347 1371 plebs.
1405 1319 1469 1358 Ita
1527 1331 1533 1375 j

243 1384 386 1433 edicto,
408 1384 493 1424 sine
518 1384 758 1424 coercitione
787 1384 1039 1436 magistratus
1066 1398 1143 1425 nec
1171 1384 1320 1436 remige
1345 1383 1390 1425 in
1417 1397 1483 1424 su·

242 1458 422 1490 mentum
442 1463 518 1489 nec
537 1450 738 1501 stipendio
763 1463 825 1490 res
851 1450 1014 1502 publica
1036 1449 1144 1502 eguit
1156 1465 1168 1497 ς
1197 1448 1424 1502 paratisque
1441 1451 1492 1490 ο’

243 1516 317 1555 bus
336 1516 387 1554 ad
408 1515 558 1554 bellum
578 1517 763 1555 consules
782 1515 823 1555 in
843 1515 1071 1567 prouincias
1091 1515 1257 1567 profecti
1277 1522 1380 1555 sunt.
1491 1517 1497 1556 ,ἶ

172 1590 223 1630 37
309 1582 451 1632 Neque
473 1581 582 1620 aliud
606 1589 764 1632 tempus
791 1581 887 1621 belli
911 1581 985 1622 fuit
1009 1595 1091 1634 quo
1120 1580 1491 1633 Carthaginienses
1522 1575 1526 1628 ζ

242 1645 431 1697 manique
450 1646 594 1698 pariter
613 1646 731 1686 uariis
750 1646 909 1687 casibus
928 1646 1098 1686 immixti
1116 1646 1243 1698 magis
1261 1645 1303 1686 in
1320 1645 1490 1700 ancipi··
1523 1662 1524 1665 ¹

285 1754 307 1784 9
330 1743 426 1776 facile
437 1744 579 1777 M50ald.
595 1745 689 1777 Frob.
706 1757 732 1778 1.
747 1756 789 1778 2:
811 1746 911 1777 facite
923 1745 1052 1788 ἰι-(ΑΡ),
1067 1745 1171 1777 sedin
1179 1744 1375 1777 codiceM-e
1387 1743 1481 1789 illud

241 1787 337 1819 litam
353 1789 606 1828 habetsormam
622 1793 659 1820 ut
668 1789 752 1829 sort.
773 1800 808 1821 -o
824 1790 867 1820 M
884 1790 998 1831 ipsum
1015 1789 1158 1821 uoluisse
1170 1789 1308 1822 conicere
1322 1789 1432 1821 liceat:

241 1831 336 1863 A⁷?:
360 1832 468 1863 sactae
483 1833 519 1863 D
536 1833 678 1873 (quires
695 1844 728 1874 p.
749 1856 758 1864 .
775 1857 784 1865 .
802 1858 811 1866 .
831 1834 984 1874 priuatas
999 1833 1084 1876 om.)
1299 1843 1341 1865 10
1362 1842 1461 1865 cons
1479 1852 1480 1855 =
1516 1825 1521 1869 f

243 1874 475 1907 CM⁷BDA02
499 1887 669 1908 consensu
684 1876 797 1917 PRM,
816 1877 854 1917 cjfi
872 1889 896 1910 c.
916 1887 969 1917 41.
987 1888 1027 1908 12
1043 1877 1122 1909 adn.
1327 1885 1365 1908 11
1389 1887 1443 1913 ar
1460 1879 1484 1903 „s
1514 1872 1520 1885 ‘

241 1919 356 1951 wald.
375 1920 470 1951 Frob.
492 1929 519 1951 1.
537 1930 558 1951 2
576 1921 648 1962 (sed
659 1931 726 1953 om.
747 1926 782 1953 et
798 1925 874 1952 ante
889 1931 949 1953 aes
965 1921 1091 1962 Aldus,
1105 1926 1173 1953 non
1190 1920 1290 1963 male)
1305 1931 1314 1953 ε
1338 1924 1374 1952 et
1387 1931 1461 1961 arg
1513 1913 1519 1928 ¹

243 1961 279 2003 C,
305 1962 364 1994 sed
382 1973 500 1994 aurum
521 1970 698 2003 argentum
720 1965 769 2006 (cf
786 1976 810 1998 c.
828 1975 879 2005 47.
900 1966 933 2006 7)
941 1965 1023 2006 sort.
1042 1965 1230 2006 exemplum
1244 1969 1293 1996 est
1305 1963 1472 2005 Asyndeti
1512 1961 1519 2011 s

241 2006 378 2046 antiquo
390 2007 504 2038 usitati
520 2008 571 2048 (cf.
589 2018 643 2038 22.
669 2018 722 2047 29.
750 2018 786 2039 11
809 2012 839 2039 et
859 2019 912 2048 27.
942 2011 992 2041 16.
1015 2011 1037 2040 6
1056 2009 1187 2049 adnm),
1210 2009 1268 2040 cui
1284 2013 1318 2040 et
1338 2018 1398 2040 aes
1418 2012 1458 2040 ut
1511 2038 1515 2046 J

240 2050 386 2081 adicitur
527 2056 584 2082 aut
596 2050 710 2083 Madv.
726 2051 802 2083 Em.
814 2057 849 2092 p.
863 2054 927 2093 385
942 2064 950 2084 t
972 2058 1008 2084 ut
1023 2052 1175 2094 P(quod
1184 2053 1315 2084 retinere
1325 2052 1441 2084 uoltF
1461 2051 1477 2089 ‘f
1511 2047 1515 2061 '

240 2093 335 2134 dorff
341 2093 436 2124 deleto
451 2099 487 2126 ut
503 2095 624 2134 prima)
641 2107 648 2126 :
671 2106 738 2128 om.
761 2095 890 2129 weald.
907 2097 1004 2129 Frob.
1022 2107 1049 2128 1.
1066 2107 1096 2136 2,
1115 2097 1153 2137 cf.
1170 2096 1210 2128 de
1224 2096 1473 2138 dr'ttographiae'
1509 2087 1515 2140 ζ

239 2136 419 2177 suspicione
429 2147 481 2177 29.
499 2148 529 2177 7.
545 2149 563 2178 7
575 2138 654 2170 adn.
801 2140 923 2172 tabulis
935 2150 1014 2172 esse
1026 2140 1217 2172 BDAoald.
1229 2139 1326 2172 Frob.
1343 2149 1372 2172 1.
1385 2150 1423 2171 2:
1452 2155 1461 2164 ὲ
1472 2142 1475 2179 j
1507 2171 1513 2185 ,

241 2180 364 2211 tabulis
378 2191 455 2212 sese
471 2181 524 2213 P:
548 2183 669 2214 tabulis
684 2193 763 2215 sese
778 2184 819 2215 π1
1080 2194 1119 2215 12
1143 2183 1350 2217 coercitione
1366 2182 1423 2214 Αω
1470 2186 1475 2224 ζ

241 2224 516 2256 coen-citationem
531 2226 602 2266 (sed
610 2237 668 2258 -ne
681 2227 782 2257 BDA
797 2237 806 2257 t
830 2230 888 2259 -ῃὲ
899 2227 949 2264 P)
963 2239 1010 2261 πε
1034 2229 1211 2260 coertione
1228 2227 1324 2270 (coh-
1335 2227 1368 2269 θ)
1382 2226 1447 2258 Co:
1463 2249 1465 2254 Α

240 2267 370 2298 tatione
383 2267 442 2300 M:
466 2270 699 2301 cohortatione
712 2271 904 2312 (coor-M'1)
916 2272 975 2303 M⁷
991 2272 1056 2304 ald.
1073 2272 1169 2305 Frob.
1186 2281 1213 2304 1.
1230 2281 1251 2303 2
1397 2279 1475 2310 tren
1508 2285 1509 2293 ¹

241 2315 279 2342 ut
295 2311 364 2342 uid.
380 2312 520 2344 Ameald.
538 2325 546 2345 z
570 2315 717 2353 remiges
732 2327 770 2353 π,
788 2315 826 2355 cf
842 2326 867 2346 c.
885 2326 937 2354 40.
957 2325 997 2355 14
1012 2316 1092 2348 adn.
1109 2327 1117 2348 ε
1140 2315 1325 2355 remigibus
1342 2312 1388 2346 C*
1473 2343 1474 2346 ,

284 2360 330 2395 37
357 2366 370 2387 1
395 2357 484 2387 aliud
498 2356 621 2388 KLov.
632 2367 663 2395 2,
678 2357 873 2389 Pen'zonius
886 2369 894 2390 ε
909 2360 999 2390 aliud
1015 2360 1123 2400 magis
1135 2359 1267 2399 nJaId.
1280 2359 1375 2391 Frob.
1390 2367 1418 2391 1.
1438 2373 1469 2393 η
1505 2369 1508 2379 'v

239 2398 381 2430 alterum
396 2400 506 2439 magis
520 2401 610 2440 infra
621 2401 776 2431 secludere
788 2401 896 2433 uoluit
908 2403 1078 2444 Sigonius,
1094 2413 1163 2435 non
1178 2403 1274 2443 male,
1288 2402 1348 2434 sed
1359 2403 1449 2434 hunc
1462 2432 1468 2441 f*
1501 2384 1507 2443 i

238 2441 288 2472 ad
300 2442 407 2474 locum
424 2445 516 2485 (post
529 2444 634 2482 aliud>
653 2444 831 2476 additurus
845 2449 916 2477 erat
928 2451 1082 2478 corrector
1292 2445 1436 2478 immixti
1497 2445 1506 2480 ,ἶ

238 2484 329 2518 Edd.
345 2491 420 2518 ante
433 2487 514 2519 Ald.
530 2498 539 2519 ς
564 2487 728 2520 immixtis
745 2489 814 2530 (uel
826 2489 924 2531 inm-)
941 2489 1028 2523 -ιι-Μ1
1045 2489 1168 2531 Aldus,
1187 2491 1250 2524 uix
1263 2495 1339 2523 recte
