1546 2756
677 183 1001 224 PRAEFATIO

180 296 275 346 quin
293 310 374 335 non
393 298 521 335 solum
538 309 666 346 usque
683 295 736 335 ad
750 308 783 334 c.
801 308 862 345 43.
882 295 905 332 6
928 292 1123 346 (nudabit)
1141 294 1215 333 sed
1233 292 1354 333 etiam
1373 305 1512 346 usqu

179 362 231 400 ad
246 362 418 399 imminet
429 361 568 410 Africa
586 360 621 412 (ξ
634 360 674 411 8)
688 374 735 399 ea
749 359 899 399 ibidem
915 366 1070 398 seruata
1085 358 1242 398 fuerint.
1298 359 1353 397 At
1365 357 1510 397 defici*

181 426 307 465 oratio
331 426 396 464 illa
421 426 617 477 Scipionis
630 440 642 474 3
670 439 763 464 nam
791 438 894 476 quae
919 423 961 462 in
987 422 1195 463 codicibus
1220 421 1508 462 contaminati

180 499 270 541 post
282 505 316 531 c.
331 505 393 542 43.
411 494 433 529 8
448 493 680 541 supplentur
693 490 778 529 sine
793 489 919 529 dubio
930 488 1063 539 spuria
1078 489 1198 528 sunt.¹
1236 489 1381 539 Neque
1391 486 1459 528 eni
1483 503 1508 524 ι

181 556 313 595 sensui
332 570 462 607 neque
483 556 571 595 stilo
589 556 758 594 Liuiano
770 554 969 594 sufficiunt
982 568 994 603 3
1022 561 1063 593 et
1074 567 1124 593 ex
1136 553 1306 605 Polybio
1322 567 1382 593 10.
1401 566 1460 593 11.
1484 556 1510 586 ι’

181 621 463 672 suspicandum
489 629 570 660 erat
597 620 674 660 alia
700 620 858 660 Liuium
889 618 1058 659 orationi
1086 618 1339 659 adiecturum
1366 619 1507 659 fuisse

181 687 296 736 Quae
319 686 449 737 spuria
475 685 507 725 si
533 688 574 725 in
601 685 775 737 Spirensi
803 686 1039 736 repperisset
1070 686 1304 734 Rhenanus,
1329 683 1396 724 uix
1419 692 1459 724 ta
1483 685 1506 720 ι-’
1545 722 1546 726 ,

180 753 296 802 longe
315 751 477 792 distanti
495 751 744 791 adnotationi
765 750 947 803 (nudabit
964 750 983 799 ξ
999 749 1042 802 6)
1061 750 1161 790 illud
1184 751 1269 790 ‘hic
1283 752 1416 789 deerat
1427 756 1487 801 pa
1502 771 1507 785 2

175 817 294 866 gina'
320 831 435 856 suum
460 816 671 856 adfixisset.
732 818 792 855 Ex
820 815 981 856 duobus
1009 814 1126 866 igitur
1155 817 1230 855 illis
1255 815 1360 855 foliis
1385 814 1446 868 (in
1487 820 1498 833 ⁹

179 882 344 930 omissis,
371 881 414 921 in
439 883 470 923 Σ
496 881 760 934 transpositis)
789 883 958 921 alterum
986 880 1066 920 iam
1095 881 1316 934 antiquitus
1343 880 1454 921 uidet
1496 889 1498 892 ’

179 960 265 987 6556
285 947 519 988 mutilatum.
1500 996 1502 1003 J

233 1014 363 1062 Quem
378 1015 498 1053 finem
514 1013 652 1052 habuit
668 1012 892 1064 Spirensis?
911 1012 1023 1052 Nihil
1036 1012 1202 1064 quidem
1214 1019 1307 1065 post
1321 1026 1383 1064 30.
1402 1014 1460 1052 16.
1492 1033 1499 1051 ι

180 1079 396 1118 Rhenanus
412 1093 424 1128 3
453 1080 523 1118 sed
542 1081 595 1119 ad
615 1080 736 1118 finem
763 1079 874 1119 Libri
892 1081 1012 1118 XXX
1039 1093 1123 1118 non
1141 1081 1289 1119 desunt
1308 1078 1473 1119 lection
1488 1096 1495 1101 ··
1532 1111 1535 1139 2

177 1157 201 1182 a
225 1143 392 1183 Gelenio
418 1145 458 1183 in
479 1145 595 1184 Frob.
628 1159 650 1184 2
680 1152 863 1195 receptae
890 1158 991 1196 quas
1013 1144 1145 1184 codici
1170 1143 1256 1184 iure
1279 1143 1481 1184 attribuas.
1531 1142 1534 1154 ¹

178 1209 295 1248 Certe
314 1209 493 1249 codicem
521 1212 551 1251 Σ
578 1224 705 1261 usque
724 1212 776 1249 ad
796 1211 916 1249 finem
944 1210 1120 1250 Decadis
1139 1209 1280 1250 tertiae
1297 1217 1456 1250 exaratu
1468 1227 1494 1252 υ.
1528 1227 1533 1275 Ξ

177 1287 262 1312 6556
282 1273 457 1314 indicant
477 1274 703 1314 testimonia
723 1276 908 1314 codicum
930 1278 982 1320 Σα
1001 1283 1041 1315 et
1060 1272 1124 1319 2⁶.

232 1340 881 1392 ‘Sp'et‘Sp?'et‘Sputuz'd.’

230 1404 447 1443 Maximam
466 1412 617 1456 partem
633 1405 849 1445 lectionum
868 1420 892 1445 a
913 1408 1113 1447 Rhenano
1128 1407 1493 1447 commendatam·

177 1483 223 1508 ex
243 1471 328 1520 ipso
350 1470 521 1521 Spirensi
541 1479 764 1522 excerptam
781 1485 868 1511 esse
886 1474 997 1523 apud
1015 1486 1158 1512 omnes
1177 1471 1301 1512 hodie
1314 1479 1483 1512 constat.
1522 1490 1527 1545 f

177 1535 378 1585 Quoniam
407 1542 540 1574 tamen
569 1535 798 1587 saepissime
826 1536 867 1575 in
895 1538 1222 1578 adnotationibus
1259 1537 1352 1587 suis,
1391 1551 1446 1577 nu
1477 1562 1486 1581 2
1520 1550 1525 1595 J

176 1599 325 1639 codicis
352 1600 554 1640 mentione
580 1602 693 1649 facta,
718 1603 965 1653 ‘scrt‘p51‘mus
1016 1604 1081 1643 ille
1103 1604 1169 1643 uel
1197 1603 1479 1654 ‘expunximus
1519 1623 1523 1644 ε

175 1667 239 1705 ι161
262 1667 475 1715 ‘legendum
502 1672 558 1704 est
598 1674 637 1706 et
662 1666 738 1706 alia
766 1667 909 1707 similia
931 1669 1087 1719 profert,
1113 1682 1199 1717 nos,
1230 1682 1283 1709 ne
1309 1669 1457 1708 lectore
1517 1709 1521 1722 1

176 1731 366 1778 fallamus,
389 1730 572 1781 quotiens
599 1731 695 1770 nihil
720 1733 771 1772 de
791 1733 1004 1785 exemplari
1029 1747 1102 1772 suo
1125 1732 1272 1782 scribit,
1294 1733 1395 1786 siglo
1413 1734 1479 1784 Sp
1516 1724 1520 1770 f

176 1794 331 1842 utimur,
364 1796 418 1845 Sp
437 1794 479 1833 in
507 1795 562 1834 eis
591 1803 745 1835 tantum
774 1797 871 1837 locis
901 1798 970 1837 ubi
999 1798 1154 1838 disertis
1183 1798 1318 1838 uerbis
1347 1796 1481 1838 codic
1515 1801 1519 1807 '

175 1858 447 1899 auctoritatem
467 1860 542 1900 sibi
562 1861 748 1901 uindicat.
808 1864 860 1902 Et
876 1877 967 1902 cum
988 1863 1029 1902 in
1048 1865 1060 1902 1
1129 1871 1236 1904 mate
1253 1877 1302 1904 ex
1322 1863 1446 1904 editio
1472 1891 1481 1918 ·.

176 1924 323 1963 Aldina
343 1933 501 1976 sumpto
517 1940 634 1977 saepe
647 1929 777 1978 plures
793 1930 857 1967 uel
878 1877 1219 2002 paucioreQddit
1239 1942 1361 1969 uoces
1377 1942 1456 1980 qua
1471 1934 1475 1938 ’

177 2002 274 2039 quas
290 1989 419 2029 codici
434 1989 562 2030 inesse
578 2000 683 2031 certe
703 2000 877 2041 testatur,
897 2007 981 2041 nos,
1000 1993 1128 2046 sicubl
1149 1993 1300 2034 incerta
1317 1995 1418 2034 haec
1435 2007 1474 2033 r
1510 2000 1514 2044 j

177 2055 262 2092 uisa
289 2062 357 2103 est,
384 2054 524 2106 sigium
554 2057 609 2107 Sp
638 2063 684 2095 ut
709 2059 785 2096 uid.
817 2056 1095 2099 adhibemus.·²‘
1144 2060 1196 2100 Id
1221 2068 1358 2100 autem
1386 2072 1470 2111 pr
1508 2091 1512 2097 ,

220 2145 233 2166 1
255 2145 342 2177 Vide
361 2146 580 2188 Heerwagen
599 2150 665 2190 (op.
679 2150 752 2190 cit.)

220 2196 233 2217 ²
256 2197 385 2236 Quodsi
401 2210 488 2240 opus
505 2202 713 2241 excerpendi
725 2201 936 2244 perfecisset,
952 2214 1032 2235 num
1048 2205 1159 2244 potuit
1173 2205 1365 2237 Rhenanus
1380 2214 1423 2244 ga
1467 2197 1473 2214 ⁵

176 2248 303 2280 litatem
320 2260 412 2281 suam
434 2252 610 2283 continere
621 2255 638 2285 ⁶?

219 2300 232 2320 ³
255 2301 342 2332 Vide
358 2312 421 2341 e.g.
440 2303 532 2334 locos
549 2306 711 2343 quosdam
728 2305 785 2336 ubi
801 2306 808 2323 ‘
822 2305 872 2346 Sp
884 2307 921 2338 ?'
937 2317 1012 2338 cum
1032 2307 1062 2339 S
1075 2308 1172 2351 (folio
1185 2307 1399 2349 Monacensi)
1416 2318 1459 2340 cr*I

176 2352 287 2384 sentit.
