1546 2756
127 145 268 184 XXVI
289 152 335 193 15
355 161 376 192 9
723 142 844 181 TITI
875 142 995 180 LIVI

198 256 251 294 ab
270 254 455 294 tribunali
475 261 600 293 totam
621 254 853 292 contionem
873 251 1046 304 peruasit
1066 249 1212 290 differri
1231 263 1315 290 rem
1334 250 1474 303 integr
1496 283 1498 285 .

199 321 252 360 ad
264 328 392 372 patres
409 321 460 359 de
477 318 694 370 Campanis
711 333 724 368 3
750 325 790 358 et
807 317 982 366 Fuluius,
999 316 1041 356 id
1056 316 1111 355 ita
1123 330 1209 356 esse
1224 324 1330 356 ratus
1344 329 1468 368 accep
1493 336 1495 340 ⁷

200 385 347 425 litteras
367 398 500 436 neque
519 386 713 424 resolutas
733 397 826 423 cum
847 382 886 422 in
903 381 1055 434 gremio
1075 381 1326 433 reposuisset,
1341 375 1504 434 praeco(¹
1538 398 1542 402 ’

200 450 411 502 imperauit
426 457 469 489 ut
488 449 669 489 lictorem
689 450 775 500 lege
795 462 911 499 agere
931 448 1097 487 iuberet.
1156 449 1220 487 Ita
1239 449 1290 487 de
1306 448 1352 487 iis
1367 461 1478 499 quoq

144 531 184 555 10
202 515 271 567 qui
308 516 472 557 Calibus
512 522 622 555 erant
659 522 866 566 sumptum
904 513 1157 564 supplicium.
1233 515 1340 553 Tum
1377 513 1462 553 litte
1489 514 1501 546 ί
1539 543 1541 546 -

202 582 329 621 lectae
352 588 591 631 senatusque
617 580 856 627 consultum,
886 592 1018 618 serum
1041 579 1094 617 ad
1121 577 1420 629 impediendam
1445 591 1479 617 r·

202 654 331 686 actam
353 661 454 698 quae
475 659 631 686 summa
650 659 726 697 ope
746 653 1006 697 approperata
1019 652 1102 684 erat
1121 658 1173 685 ne
1185 643 1368 696 impediri
1382 658 1496 697 poss

145 725 182 748 11
203 712 522 763 Consurgentem
559 711 638 750 iam
672 711 859 750 Fuluium
889 713 1046 749 Taurea
1071 709 1268 749 Vibellius
1300 711 1497 761 Campan

203 791 273 829 per
305 777 478 816 mediam
513 778 665 816 uadens
699 776 857 815 turbam
890 775 1053 815 nomine
1087 774 1328 824 inclamauit,
1361 782 1402 815 et
1438 774 1502 815 ου’
1537 815 1538 818 ,

146 857 183 880 12
204 841 463 881 mirabundus
495 841 687 893 quidnam
722 855 808 881 sese
838 842 960 881 uellet
985 840 1197 880 resedisset
1223 842 1401 890 Flaccus,
1438 843 1448 862 ‘

204 920 366 958 quoque
377 908 386 926 ’
402 906 528 957 inquit
547 909 555 926 ‘
571 907 665 946 iube
679 905 810 946 occidi
824 914 868 946 ut
882 905 1037 957 gloriari
1050 905 1179 958 possis
1191 907 1318 946 multo
1330 907 1467 946 fortior
1474 923 1501 954 --ι1

148 989 185 1021 13
205 986 324 1024 quam
351 973 435 1023 ipse
458 986 500 1012 es
524 972 653 1011 uirum
681 973 754 1012 abs
783 979 822 1011 te
852 972 1030 1011 occisum
1060 972 1174 1012 esse.’
1229 973 1335 1012 Cum
1364 972 1461 1012 Flac
1493 977 1501 1016 ’ἴ

205 1046 364 1088 negaret
377 1040 555 1089 profecto
567 1037 662 1077 satis
676 1044 906 1088 compotem
923 1036 1067 1076 mentis
1080 1051 1178 1086 esse,
1193 1038 1318 1077 modo
1331 1036 1447 1089 prohi
1457 1055 1469 1072 ·
1498 1075 1499 1078 ,

205 1104 323 1143 etiarn
344 1117 386 1143 se
406 1105 436 1142 si
458 1103 499 1143 id
518 1105 638 1142 uellet
658 1111 818 1142 senatus
838 1105 1023 1142 consulto
1049 1104 1209 1150 diceret,
1231 1110 1316 1142 tum
1336 1101 1497 1142 Vibelr

148 1184 188 1217 14
207 1172 217 1190 ‘
230 1170 404 1219 Quando
425 1169 587 1219 quidem
600 1170 609 1187 '
628 1168 758 1220 inquit
780 1171 790 1190 ‘
801 1176 917 1220 capta
929 1167 1054 1219 patria
1068 1168 1301 1220 propinquis
1316 1165 1500 1220 amicisq'
1529 1215 1532 1219 Ι

204 1234 369 1282 amissis,
404 1248 496 1273 cum
529 1234 615 1285 ipse
647 1248 768 1273 manu
799 1247 891 1273 mea
920 1235 1131 1284 coniugem
1165 1233 1392 1285 liberosque
1417 1232 1493 1273 int

205 1299 364 1339 fecerim
384 1313 435 1339 ne
455 1298 552 1350 quid
572 1299 724 1350 indigni
744 1306 983 1351 paterentur,
1006 1297 1105 1337 mihi
1129 1311 1182 1338 ne
1206 1298 1344 1338 mortis
1369 1299 1467 1351 quid
1476 1325 1490 1338 -v
1528 1348 1529 1351 Ἰ

206 1364 321 1415 copia
345 1366 485 1404 eadem
516 1372 574 1404 est
604 1378 707 1416 quae
737 1364 799 1404 his
827 1364 985 1404 ciuibus
1014 1363 1123 1413 meis,
1154 1371 1310 1416 petatur
1337 1377 1360 1404 a
1389 1365 1428 1403 ui
1480 1390 1482 1393 ·
1528 1358 1531 1374 ²

150 1445 188 1478 15
208 1429 358 1469 inuisae
378 1429 494 1468 huius
514 1429 621 1469 uitae
641 1429 844 1469 uindicta.'
912 1431 1048 1480 Atque
1067 1428 1122 1468 ita
1140 1428 1274 1481 gladio
1289 1442 1410 1480 quem
1422 1442 1493 1470 ue

207 1501 355 1534 texerat
374 1508 443 1545 per
461 1496 676 1534 aduersum
697 1503 837 1546 pectus
856 1496 1077 1545 transfixus,
1106 1502 1199 1535 ante
1226 1496 1351 1547 pedes
1369 1493 1490 1548 imp
1526 1501 1529 1545 J

208 1561 303 1599 toris
323 1561 585 1600 moribundus
604 1560 828 1611 procubuit.
1490 1558 1493 1560 ’

143 1632 191 1671 16
264 1625 370 1675 Quia
407 1634 446 1666 et
485 1627 596 1677 quod
629 1628 682 1666 ad
716 1626 956 1677 supplicium
989 1626 1130 1667 attinet
1165 1627 1465 1679 Campanorum
1526 1626 1529 1635 ’

209 1692 396 1742 pleraque
415 1691 491 1730 alia
512 1693 563 1731 de
585 1691 716 1730 Flacci
736 1692 853 1731 unius
875 1692 1072 1733 sententia
1090 1701 1180 1733 acta
1193 1700 1315 1742 erant,
1333 1700 1464 1733 mortu

209 1758 284 1807 Ap.
319 1756 535 1797 Claudium
570 1758 644 1796 sub
680 1757 928 1798 deditionem
958 1759 1124 1810 Capuae
1151 1758 1319 1810 quidam
1345 1755 1487 1799 tradu
1524 1768 1527 1770 ’

174 1837 189 1859 2
209 1822 315 1861 hunc
331 1835 492 1874 quoque
507 1822 636 1874 ipsum
653 1825 849 1863 Tauream
862 1837 994 1875 neque
1006 1838 1079 1865 sua
1091 1832 1234 1876 sponte
1247 1823 1404 1865 uenisse
1458 1843 1479 1858 ν
1522 1828 1527 1834 ’

252 1931 274 1962 9
296 1922 448 1961 peruasit
464 1921 579 1953 P2M1
598 1922 651 1953 uel
665 1921 706 1952 M
709 1922 854 1954 ³DA0⁶02
879 1923 1050 1963 persuasit
1064 1936 1092 1956 π
1243 1934 1283 1955 10
1305 1923 1415 1955 lectae
1431 1921 1462 1955 C
1474 1919 1485 1946 9

210 1965 285 2005 (uix
300 1964 520 2006 M1)BDA0:
545 1966 656 2005 legata
678 1977 716 1998 es
740 1967 804 2005 (ιζε.
827 1966 941 2005 legata
965 1978 1041 1999 esse
1064 1967 1246 2010 natusque)
1262 1966 1378 1999 PCR:
1401 1967 1433 1998 le
1440 1982 1449 2003 2
1464 1983 1480 2000 -,
1521 1961 1525 1975 ³

209 2007 356 2039 P2R2M
508 2020 543 2040 η
570 2010 734 2041 vibemus
748 2011 773 2042 n
775 2011 810 2051 J,
830 2012 867 2049 cf
881 2020 932 2049 23.
949 2012 980 2042 8.
995 2021 1025 2050 5,
1040 2021 1094 2050 23.
1111 2013 1164 2051 46-
1180 2022 1220 2043 12
1236 2011 1282 2050 (et
1294 2011 1329 2042 in
1344 2009 1453 2042 Nomi
1470 2025 1482 2050 ÷,
1521 2004 1525 2044 ἴ

210 2051 326 2082 Italiae
337 2052 438 2083 indice
450 2053 485 2084 in
492 2051 533 2084 It.
551 2053 642 2085 Dial.
652 2054 807 2094 Vibellia,
824 2054 980 2094 VineHia,
997 2055 1163 2095 Vibuleia,
1178 2055 1338 2096 Vibullia)
1353 2066 1362 2087 ι
1378 2054 1456 2086 iube
1521 2048 1525 2060 ¹

207 2094 430 2133 J²ald.Drak.
451 2097 504 2137 (cfi
529 2096 598 2128 Val.
624 2097 718 2129 Max.
742 2107 775 2136 3.
801 2108 834 2129 2.
857 2097 937 2129 Ext.
956 2099 988 2137 Ι)
1014 2099 1107 2138 quod
1127 2099 1161 2130 in
1185 2099 1278 2131 inscc.
1305 2108 1440 2140 nusqua
1477 2126 1479 2128 .
1520 2092 1523 2111 ³

209 2137 308 2170 Italia
323 2141 478 2171 occurrit:
503 2140 670 2171 imbellius
689 2141 726 2171 K
867 2143 998 2173 turbam
1013 2142 1178 2175 “Aldusz
1202 2144 1318 2174 urbem
1334 2142 1457 2174 turba·-
1472 2147 1474 2149 '

210 2181 264 2212 Λθ
279 2181 364 2214 Edd.
385 2188 462 2214 ante
476 2183 555 2215 Ald.
577 2185 710 2217 (urbem
730 2185 859 2215 turbam
877 2185 924 2216 ed.
944 2186 1036 2227 Mog.
1057 2186 1155 2228 1518)
1171 2186 1277 2220 Drak.
1348 2185 1472 2219 resedi
1519 2217 1522 2231 ·

213 2226 334 2263 (resid-
347 2226 469 2265 MBD)
482 2225 753 2259 vrM¹B¹Alduse
778 2228 963 2267 inquireret
989 2230 1145 2261 residens
1167 2230 1224 2261 Ao
1239 2228 1328 2262 Edd.
1352 2233 1430 2261 ante
1520 2234 1522 2244 ³

279 2279 317 2308 13
342 2270 466 2300 mentis
482 2280 559 2300 esse
575 2269 651 2301 ’πΒΞ
668 2270 783 2300 Aldus
800 2271 907 2309 (quod
928 2277 1060 2312 praesto
1076 2278 1147 2305 erat
1158 2273 1334 2305 szeciano
1357 2275 1380 2307 6
1397 2275 1414 2313 5
1454 2289 1468 2304 ,·
1519 2279 1522 2284 ’

212 2318 324 2344 mente
342 2313 375 2343 in
392 2323 469 2344 esse
486 2312 518 2342 B
533 2323 541 2343 :
565 2322 641 2342 esse
659 2314 781 2343 mentis
797 2313 852 2344 Ao
868 2314 955 2345 Edd.
972 2321 1047 2347 ante
1061 2316 1155 2357 Ald.‚
1175 2316 1213 2357 cf.
1230 2328 1255 2350 c.
1275 2326 1306 2358 5.
1321 2326 1360 2358 17

256 2354 299 2387 16
326 2365 340 2386 1
367 2356 475 2387 Flacci
495 2354 549 2385 Ml
566 2354 619 2385 uel
632 2354 816 2386 M2BDA0
831 2367 839 2387 ε
863 2358 971 2396 placei
988 2372 1016 2391 π
