1546 2756
138 159 299 198 XXVII
319 167 373 206 35
394 174 413 206 9
730 158 851 196 ΤΙΤΙ
884 157 1002 196 LIVI

169 285 188 316 9
206 267 313 307 Vicit
331 275 466 307 tamen
491 266 703 306 auctoritas
731 273 890 306 senatus
906 273 949 305 ut
968 265 1109 318 positis
1134 265 1402 311 simultatibus
1420 280 1470 308 co
1486 288 1512 308 c»

153 349 188 370 10
207 332 318 372 muni
335 334 473 372 animo
484 332 731 383 consilioque
745 331 1067 372 administrarent
1082 345 1166 371 rem
1180 331 1396 384 publicam.
1440 334 1504 372 Pr

206 398 361 439 uinciae
374 387 421 438 iis
434 412 516 438 non
528 397 743 450 permixtae
755 396 993 448 regionibus,
1010 399 1111 437 sicut
1123 397 1391 449 superioribus
1402 398 1503 439 anni

206 465 276 503 sed
296 463 477 503 diuersae
496 462 679 503 extremis
700 462 837 502 ltaliae
856 462 1015 510 finibus,
1029 462 1142 503 alteri
1159 464 1353 503 aduersus
1373 465 1470 504 Han

205 530 337 569 balem
357 528 499 568 Bruttii
513 536 552 567 et
566 527 727 576 Lucani,
745 527 856 567 alteri
876 529 1006 567 Gallia
1021 528 1212 568 aduersus
1233 528 1508 569 Hasdrubale

150 610 185 633 11
207 609 327 646 quem
350 595 428 633 iam
449 593 619 645 Alpibus
638 594 959 644 adpropinquare
978 594 1086 632 fama
1103 600 1197 643 erat,
1212 594 1398 643 decreta;
1427 607 1489 633 ex

205 660 329 699 citum
348 673 372 699 e
390 660 550 699 duobus
569 660 637 709 qui
658 672 699 697 1n
720 659 849 698 Gallia
863 657 1013 709 quique
1032 657 1074 697 in
1093 658 1251 699 Etruria
1270 666 1375 699 esset
1391 658 1498 699 addi
1541 684 1543 690 ‚

149 741 185 763 12
205 727 358 765 urbano
377 725 535 776 eligeret
555 738 676 776 quern
695 726 844 774 mallet,
857 723 925 775 qui
945 724 1116 764 Galliam
1134 732 1240 765 esset
1259 724 1437 765 sortitus:
1499 744 1503 751 ι

207 789 348 830 Bruttii
367 789 572 841 prouincia
587 789 801 838 euenisset,
820 789 937 829 nouis
957 789 1180 841 legionibus
1195 788 1357 830 urbanis
1375 788 1479 842 scrip
1489 799 1503 821 t
1537 835 1540 836 ⁷

151 871 187 902 13
206 856 329 896 utrius
348 858 483 895 mallet
502 857 714 895 consulum
738 855 876 906 prioris
895 855 991 895 anni
1015 855 1231 895 exercitum
1250 864 1423 896 sumeret
1435 870 1448 906 3
1485 878 1498 902 a„

206 921 343 960 lictum
363 935 386 960 a
405 922 569 961 consule
593 922 809 961 exercitum
830 922 880 970 Q.
904 920 1070 960 Fuluius
1093 922 1308 972 proconsul
1333 918 1499 974 accipe

150 998 189 1030 14
207 986 323 1037 eique
348 986 389 1025 in
416 1000 567 1026 annum
594 985 805 1038 imperium
836 993 950 1027 esset.
1010 989 1062 1026 Et
1089 988 1135 1028 C.
1161 987 1350 1037 Hostilio,
1373 987 1438 1028 cui
1466 1006 1498 1038 ις

208 1051 363 1091 Etruria
399 1054 617 1092 Tarentum
656 1060 908 1093 mutauerant
945 1052 1205 1104 prouinciam,
1244 1066 1318 1104 pro
1354 1054 1458 1093 Tare
1481 1045 1496 1097 ι
1529 1064 1533 1096 f

207 1118 387 1168 Capuam
413 1126 666 1158 mutauerunt
680 1133 692 1169 3
720 1119 824 1171 legio
849 1132 929 1158 una
954 1120 1049 1159 data
1071 1117 1136 1158 cui
1161 1117 1326 1158 Fuluius
1349 1117 1494 1170 proxi·
1527 1139 1530 1159 ;

206 1197 313 1223 anno
332 1186 562 1234 praefuerat.
1489 1183 1494 1196 ’ἶ

135 1250 189 1297 36
263 1249 326 1287 De
342 1249 607 1290 Hasdrubalis
621 1251 800 1290 aduentu
820 1250 863 1290 in
879 1250 1037 1290 Italiam
1053 1264 1147 1291 cura
1160 1250 1203 1290 in
1214 1249 1301 1291 dies
1312 1263 1445 1291 cresce
1456 1268 1489 1309 ⁰ss
1523 1255 1527 1262 ’

207 1314 517 1354 Massiliensium
542 1315 715 1366 primum
741 1316 859 1368 legati
885 1316 1164 1356 nuntiauerant
1184 1329 1277 1355 eum
1297 1315 1339 1356 in
1358 1312 1488 1356 Gall·
1520 1366 1525 1377 .

169 1395 185 1417 2
205 1387 488 1431 transgressum
507 1389 742 1433 erectosque
752 1383 931 1421 aduentu
943 1381 1039 1431 eius,
1055 1381 1149 1433 quia
1161 1394 1350 1433 magnum
1370 1394 1481 1432 pon
1520 1379 1525 1430 ζ’

203 1444 288 1484 auri
305 1446 482 1486 attulisse
495 1448 692 1487 diceretur
703 1448 756 1487 ad
776 1448 963 1487 mercede
980 1448 1128 1487 auxilia
1146 1446 1422 1496 conducenda,
1481 1498 1483 1501 Ι

167 1523 185 1553 3
204 1512 331 1549 lorum
354 1511 519 1551 animos.
577 1512 693 1552 Missi
719 1512 866 1553 deinde
894 1526 986 1552 cum
1007 1512 1053 1552 iis
1079 1511 1198 1563 legati
1216 1512 1268 1552 ab
1289 1513 1421 1551 Roma
1472 1503 1474 1513 ³

204 1575 399 1616 Antistius
427 1585 467 1616 et
496 1578 554 1617 M.
586 1578 760 1618 Raecius
788 1580 841 1618 ad
869 1592 954 1618 rem
982 1577 1272 1629 inspiciendam
1300 1578 1434 1617 rettul
1467 1569 1480 1610 ι’

204 1640 358 1682 misisse
378 1655 421 1681 se
439 1656 532 1682 cum
557 1643 877 1684 Massiliensibus
897 1642 1068 1684 ducibus
1089 1641 1159 1695 qui
1176 1657 1248 1695 per
1268 1642 1446 1695 hospites
1473 1637 1475 1651 ⁵

165 1721 187 1752 4
204 1722 291 1747 rum
327 1707 526 1760 principes
563 1708 771 1748 Gallorum
802 1709 939 1748 omnia
968 1709 1172 1760 explorata
1202 1709 1392 1749 referrent
1402 1721 1418 1759 ς

204 1781 409 1824 comperto
427 1775 575 1814 habere
596 1774 896 1814 Hasdrubalem
919 1774 1071 1826 ingenti
1094 1773 1174 1814 iam
1189 1781 1330 1814 coacto
1355 1787 1472 1823 exer¹
1510 1814 1512 1818 ,

204 1840 384 1889 proximo
409 1853 503 1880 uere
527 1842 650 1892 Alpes
681 1840 948 1889 traiecturum,
976 1853 1054 1879 nec
1082 1846 1168 1879 tum
1191 1853 1285 1880 eum
1311 1841 1434 1893 quicq
1459 1870 1464 1890 3

202 1903 312 1944 aliud
332 1905 473 1944 morari
494 1906 570 1945 nisi
589 1908 699 1958 quod
720 1908 879 1948 clausae
898 1908 1032 1946 hieme
1051 1907 1177 1958 Alpes
1195 1912 1339 1946 essent.

246 2013 267 2042 9
290 2004 401 2034 animo
417 2004 606 2036 A⁷N⁴Oald.
626 2017 634 2036 ι
657 2015 712 2037 mo
727 2005 779 2037 P:
803 2016 871 2038 om.
892 2004 974 2038 n²N
1124 2004 1333 2046 consilioque
1348 2002 1430 2038 «Af
1455 2019 1466 2041 g

204 2048 345 2079 consilio
360 2047 561 2079 M²BDAN
568 2049 642 2091 (sed
649 2051 797 2090 sequitur
806 2050 840 2081 in
853 2049 930 2081 AN
941 2048 1076 2092 rasura)
1234 2059 1274 2081 10
1296 2053 1331 2080 et
1348 2048 1432 2081 Vat:
1462 2054 1465 2055 ’

206 2090 529 2132 nNoald.Fr0b.1.2‚
549 2093 585 2133 ‘f-
604 2094 657 2124 26.
676 2103 725 2127 11.
742 2104 781 2124 12
796 2093 874 2127 adn.
891 2094 931 2137 (c)
1101 2092 1268 2125 aduersus
1284 2091 1460 2136 (Hasdr.)
1500 2119 1502 2122 ,

202 2133 445 2167 ald.Frob.1.2:
469 2140 588 2167 contra
603 2138 632 2175 θ,
649 2147 716 2167 non
740 2139 838 2178 male,
855 2139 893 2178 cs:
911 2138 1024 2169 Luchs
1038 2137 1122 2178 1879
1132 2141 1169 2178 p.
1186 2147 1222 2169 cv
1389 2147 1429 2176 14
1498 2167 1502 2176 ἑ

203 2181 361 2209 tauerunt
378 2178 405 2219 (3
428 2178 533 2221 legio)
552 2179 778 2220 qupA⁷N¹0z
802 2186 1017 2213 mutauerant
1036 2179 1082 2213 1²²
1104 2179 1179 2223 (sed
1197 2191 1279 2212 mox
1301 2185 1376 2213 -unt
1497 2211 1501 2227 ¹

203 2221 292 2262 tum)
309 2232 317 2252 :
340 2232 407 2253 om.
425 2221 574 2254 AN.ald.
708 2224 787 2256 data
802 2225 854 2266 Sp
870 2229 908 2256 ut
923 2225 990 2257 uid.
1009 2225 1148 2256 oFrob.2
1162 2236 1171 2257 t
1193 2225 1272 2256 data
1287 2229 1341 2256 est
1358 2222 1456 2256 ΠΝ.

246 2263 297 2303 36
324 2274 338 2295 1
365 2266 399 2295 in
417 2264 523 2306 (Ital.)
542 2265 802 2300 C⁴M⁷ANoald.
819 2280 826 2300 :
850 2279 918 2301 om.
936 2282 974 2308 π,
992 2269 1031 2310 ‘f-
1047 2270 1099 2300 26.
1113 2278 1163 2309 13.
1181 2277 1199 2308 7
1215 2267 1294 2300 adn.
1456 2275 1459 2277 “

203 2308 367 2339 tiauerant
382 2308 642 2341 Oald.Frob.r.2=
670 2312 916 2343 nuntiauerant
932 2312 1003 2354 (uel
1015 2311 1147 2352 nunci-)
1168 2310 1241 2352 ΠΝ,
1259 2310 1299 2353 cf.
1316 2321 1341 2344 c.
1357 2311 1390 2343 6.
1407 2320 1429 2342 2
1447 2343 1458 2348 .,
1494 2304 1498 2317 ’

354 2362 375 2392 3
397 2363 436 2384 se
448 2351 656 2385 PCAN.ald.
673 2365 681 2384 :
704 2365 772 2387 om.
785 2355 948 2387 RMBDo
1115 2355 1385 2388 Massiliensibus
1396 2353 1435 2398 (υ
1449 2357 1455 2391 ἶ
1494 2372 1495 2377 =

203 2394 250 2436 B)
269 2394 336 2426 ΠΝ
348 2395 415 2437 (-ll-
430 2394 468 2427 N
470 2396 507 2437 ):
531 2398 790 2430 massiliensium
808 2402 826 2430 θ
1437 2399 1452 2408 ι’
