1546 2756
667 133 992 174 PRAEFATIO

170 247 291 278 saltem
322 245 466 277 librariis
497 255 588 276 saec.
613 254 645 284 x,
671 243 718 282 xi,
742 242 788 273 xii
820 252 881 274 suo
907 245 1039 272 tantum
1064 241 1201 280 ingenio
1223 240 1319 273 fretis
1341 240 1499 274 tribuere*
1543 235 1546 274 ἶ

171 299 302 330 difficile
319 304 382 329 est.
430 297 604 337 Quaerere
620 295 722 336 igitur
738 305 807 326 non
823 294 948 325 frustra
964 293 1030 324 erit
1051 303 1132 325 num
1149 303 1216 334 qua
1230 293 1285 325 hic
1300 292 1432 327 alterne
1446 294 1500 326 del
1541 297 1545 304 ¹

172 350 391 390 Spirensiano
407 349 520 389 aliquo
538 349 629 379 fonte
645 347 769 387 aliquid
787 346 953 377 libauerit.
1001 345 1095 376 Sane
1112 345 1343 377 confitendum
1359 349 1413 378 est
1428 340 1493 378 nos

170 403 236 433 hoc
254 412 314 442 pro
326 406 418 432 certo
429 406 579 432 statuere
593 399 766 440 nequiisse
781 410 789 438 ;
813 398 874 429 sed
890 398 933 428 ad
947 407 1019 428 rem
1031 397 1247 428 statuendam
1261 396 1402 429 forsitan
1417 397 1500 429 aliis>

171 454 246 486 usui
262 454 307 484 sit
323 453 352 484 si
367 453 497 493 qualem
516 451 804 492 propinquitatem
821 450 856 481 hi
873 449 1008 481 codices
1025 449 1114 481 inter
1131 459 1168 480 se
1184 449 1333 480 habeant
1347 459 1412 481 nos
1428 457 1492 489 per

171 505 410 537 adnotationes
423 509 558 535 nostras
572 504 806 535 demonstrare
819 502 928 533 conati
940 501 1079 532 erimus.
1113 501 1202 543 (Nec
1215 511 1298 533 uero
1309 500 1385 533 sine
1395 500 1500 534 testi--

172 557 283 588 monio
301 556 428 588 codicis
443 555 478 586 R
494 556 619 596 poterit
635 555 741 595 stirps
758 555 884 585 horum
901 553 1056 585 codicum
1073 552 1273 595 enucleari.)

216 608 281 651 (iii)
307 608 471 639 Codicum
487 607 561 639 AN
573 607 805 638 testimonium
822 606 875 637 his
897 605 1030 636 duobus
1048 606 1090 636 de
1109 604 1219 636 causis
1235 605 1312 637 usui
1328 609 1382 637 est
1397 603 1500 637 adhi-'

171 661 262 691 bere.
310 660 356 701 (a)
384 660 516 691 Horum
531 659 716 691 communis
732 657 913 698 archetypi
930 657 1039 689 scriba
1051 657 1234 688 nonnullas
1249 656 1413 689 lectiones
1427 667 1499 689 suo⁴

173 713 290 752 Marte,
306 716 342 743 ut
357 712 501 750 uidetur,
514 711 548 742 in
562 715 761 742 contextum
776 710 918 748 induxit,
934 720 1021 749 quae
1038 720 1113 741 cum
1127 709 1252 740 nullius
1264 709 1333 741 sint
1346 708 1500 742 auctori-¹

171 764 248 795 tatis
266 774 308 794 eo
325 768 438 794 tamen
455 763 693 794 memorandae
713 767 791 794 sunt
806 763 896 802 quod
918 771 1034 792 earum
1052 761 1212 792 subsidiis
1227 761 1310 792 illud
1327 771 1431 802 saepe
1447 760 1499 793 de*
1539 793 1541 802 ,-

171 815 343 847 codicibus
361 815 595 846 contaminatis
613 815 694 855 (eg.
714 814 746 856 θ)
764 815 913 846 iudicare
926 813 1006 845 licet
1019 817 1131 844 utrum
1148 813 1233 845 haec
1248 813 1304 844 uei
1319 812 1376 847 illa
1392 812 1500 846 lectio'
1538 803 1541 826 ἶ

171 878 215 898 ex
232 867 288 898 illo
304 876 405 907 quem
422 861 454 897 rb
471 867 504 898 in
522 871 698 898 stemmate
715 867 854 897 nomino
876 876 920 897 an
942 876 987 896 ex
1012 867 1036 897 Σ
1060 865 1174 906 potius
1195 865 1267 907 (uel
1291 867 1336 899 2⁶
1355 865 1412 897 uel
1439 861 1494 906 ΣΒ,

170 919 250 960 etc.)
285 923 438 950 extracta
459 919 514 951 sit.
561 918 672 959 Quod,
697 918 809 958 credo,
841 918 899 949 uix
930 918 1013 949 satis
1040 922 1268 958 perceperunt
1297 916 1364 949 uiri
1388 917 1504 950 docti.
1536 922 1540 960 ξ

171 971 226 1013 (b)
252 971 382 1002 Summi
412 970 572 1002 momenti
596 976 676 1002 sunt
699 981 739 1002 ea
762 980 850 1010 quae
874 980 919 1001 ex
942 969 1091 1001 sontibus
1116 969 1348 1010 Spirensianis
1371 969 1407 1000 in
1429 969 1498 1003 hos
1536 996 1538 1006 ,

171 1023 255 1054 duos
270 1023 407 1054 codices
423 1022 569 1054 saeculis
585 1023 645 1053 xiii
664 1027 697 1054 et
713 1022 772 1053 xiv
786 1022 891 1053 inlata
907 1022 1012 1053 sunt.1
1051 1021 1142 1061 Quid
1155 1026 1271 1053 autem
1283 1025 1505 1055 correctores-

170 1074 216 1105 illi
234 1075 347 1113 legere
365 1074 532 1105 noluerint
549 1074 694 1114 perspici
711 1085 779 1105 non
796 1078 922 1115 potest,
941 1074 1007 1105 nisi
1023 1073 1193 1106 lectiones
1209 1084 1279 1105 non
1295 1073 1404 1105 solum
1420 1083 1503 1106 cor·
1535 1079 1538 1117 5

170 1131 338 1157 rectorum
351 1126 411 1156 sed
425 1130 459 1157 et
470 1126 619 1166 ipsorum
630 1127 784 1158 codicum
795 1126 980 1168 lectoribus
995 1126 1127 1166 positae
1145 1130 1245 1157 erunt
1261 1130 1341 1158 ante
1357 1125 1503 1170 oculoss
1534 1120 1538 1150 ἶ

171 1178 272 1209 Hanc
296 1188 367 1208 rem
391 1188 434 1209 ne
459 1178 607 1210 Luchsio
629 1179 765 1219 quidem
789 1178 873 1210 satis
894 1179 1107 1219 perspicuam
1133 1178 1237 1210 fuisse
1261 1178 1327 1210 iam
1351 1178 1495 1210 demon-
1534 1184 1537 1220 ’ᾖ

175 1230 295 1261 strauit
312 1229 522 1261 Conwaius.²
1501 1224 1504 1226 ’
1534 1225 1536 1237 “

196 1339 200 1349 ·
226 1317 307 1366 §87
322 1330 358 1355 A.
393 1319 457 1356 De
477 1318 607 1356 Codice
623 1319 852 1357 Colbertino.
902 1317 1180 1358 Colbertinum
1193 1330 1278 1357 non
1293 1330 1341 1357 ex
1352 1316 1468 1358 codic
1478 1322 1501 1374 -ζ

169 1383 211 1420 R
225 1381 464 1432 descriptum
486 1395 571 1421 esse
591 1384 662 1422 sed
681 1390 749 1422 aut
769 1396 816 1423 ex
837 1385 1017 1423 Puteano
1036 1382 1125 1434 ipso
1145 1381 1243 1435 (iam
1262 1395 1287 1422 a
1305 1382 1362 1422 P²
1380 1390 1420 1422 et
1461 1389 1475 1402 ¹

169 1447 360 1500 correcto)
378 1455 446 1487 aut
466 1461 514 1487 ex
534 1448 699 1487 Puteani
718 1449 948 1500 apographo
977 1448 1098 1488 hodie
1118 1461 1202 1488 non
1221 1455 1401 1489 exstante
1420 1448 1501 1489 sed

170 1512 352 1552 codicum
365 1514 460 1551 RM
473 1512 565 1551 satis
579 1512 758 1552 dissimili
774 1515 866 1553 licet
879 1526 951 1564 pro
964 1521 1073 1553 certo
1086 1515 1295 1554 adfirmare
1307 1526 1378 1566 per
1391 1513 1499 1554 haec
1531 1507 1534 1554 J

170 1590 294 1628 pauca
312 1578 516 1628 exempla³
545 1591 647 1629 quae
667 1580 822 1630 profero
842 1592 889 1618 ex
909 1578 1187 1620 multitudine:
1531 1570 1533 1574 Α

211 1675 264 1705 26.
282 1685 336 1713 24.
355 1685 372 1713 7
397 1675 585 1705 aucton'tate
595 1686 658 1706 sua
667 1675 730 1707 PC
739 1686 747 1706 :
764 1676 987 1707 auctoritatem
996 1687 1061 1708 sua
1073 1678 1188 1719 (suam
1197 1676 1305 1720 M1A)
1315 1675 1491 1720 RM(BD)
1530 1686 1533 1694 '

213 1727 264 1756 26.
287 1736 337 1765 27.
358 1737 376 1765 4
400 1726 488 1757 aedis
504 1726 581 1757 PC:
607 1727 698 1758 aedes
717 1727 892 1770 RM(BA)
1530 1729 1531 1732 ¹

213 1778 265 1808 26.
286 1787 337 1816 32.
356 1779 376 1807 6
400 1778 529 1809 relicum
546 1778 642 1810 1³16:
669 1780 812 1811 relictum
827 1780 936 1811 PRM
950 1781 1127 1823 (reliquum
1145 1781 1265 1822 BDA)
1492 1809 1496 1811 a
1529 1808 1532 1815 .

213 1830 266 1859 26.
284 1838 338 1868 50.
357 1840 375 1868 4
400 1833 459 1860 tua
475 1834 568 1871 capta
583 1830 663 1863 PC:
687 1834 745 1863 tua
760 1836 832 1864 cata
848 1833 881 1863 R
896 1844 903 1863 :
928 1837 1047 1864 uacata
1063 1833 1156 1865 R2M
1167 1834 1258 1877 (uoc-
1273 1831 1491 1865 M²BDAN
1528 1841 1532 1856 “

213 1891 264 1919 27.
283 1882 313 1913 6.
333 1882 354 1911 8
377 1881 412 1912 in
427 1892 501 1912 eam
519 1893 591 1913 rem
607 1883 688 1914 PC.-
710 1895 784 1915 eam
801 1895 869 1915 rem
886 1884 1131 1928 RM(BDAN)
1495 1881 1496 1884 ¹

213 1942 266 1971 27.
288 1942 338 1963 [2.
356 1943 375 1963 2
400 1937 437 1963 ut
451 1933 531 1964 PC:
556 1945 624 1965 om.
642 1935 883 1978 RMOEDANJ

213 1994 265 2023 27.
283 1993 336 2023 51.
354 1993 373 2023 5
397 1984 470 2015 inde
487 1985 627 2017 traducti
640 1987 702 2018 PC
711 1998 719 2018 t
743 1988 927 2020 intraducti
939 1988 1016 2020 RM
1032 1988 1170 2030 (introd-
1187 1987 1344 2031 BDAN)

214 2035 267 2065 28.
284 2046 318 2075 9.
337 2046 356 2074 4
381 2040 431 2067 σᾶς
446 2036 525 2067 PC:
550 2048 633 2077 quos
648 2039 891 2082 RM(BDAN)

214 2097 266 2126 29.
290 2097 315 2117 1.
339 2097 377 2126 13
395 2092 547 2128 paruum
563 2089 645 2122 PC:
669 2102 747 2123 eum
763 2093 797 2123 R
814 2104 821 2124 :
847 2103 942 2124 reum
958 2092 1146 2136 R²M(BD)

213 2205 226 2226 1
249 2206 336 2238 Vide
354 2211 369 2245 5
386 2218 439 2247 92.
1488 2219 1489 2222 ’

214 2257 226 2277 2
256 2257 319 2289 The
350 2259 552 2291 Laurentzan
585 2260 795 2302 Manuscm'pl
819 2262 860 2301 ⁰f
883 2262 996 2301 Ltvy's
1034 2260 1140 2294 Third
1165 2261 1293 2294 Decade
1318 2260 1471 2304 (Classz’c
1486 2288 1490 2306 Ἴ.

171 2309 352 2351 Quarterly,
371 2312 435 2344 vol.
453 2313 558 2352 xxvii,
576 2323 611 2352 p.
631 2313 720 2355 183.)

213 2362 226 2381 ³
251 2362 303 2392 Ex
319 2363 448 2394 eisdem
466 2365 633 2404 exemplis
649 2366 731 2397 satis
746 2365 851 2405 liquet
868 2365 910 2395 M
931 2367 1021 2408 (cum
1045 2365 1199 2408 BDAN)
1224 2365 1267 2398 ab
1289 2365 1326 2398 R
1339 2370 1374 2397 et
1388 2363 1463 2398 R²
1453 2375 1464 2396 ι
1475 2377 1491 2391 ιἰ

172 2413 224 2444 his
239 2414 358 2445 saltem
377 2415 488 2447 Libris
507 2417 694 2448 deriuatum
711 2427 799 2457 esse,
818 2418 909 2458 quod
926 2418 1011 2449 infra
1028 2419 1143 2451 doceo.
1491 2409 1493 2411 ι

812 2487 836 2511 Χ
