1546 2756
676 152 1004 195 PRAEFATIO

181 274 398 308 mussarent
415 268 523 319 (cum
547 268 588 314 V,
606 265 719 305 cuius
738 263 928 304 lectiones
949 262 990 301 in
1006 262 1081 300 hac
1101 268 1213 312 parte
1230 273 1307 301 nos
1325 263 1368 301 in
1380 261 1463 302 adn

180 347 263 373 non
287 331 547 383 includimus)
561 346 572 381 3
600 345 634 371 c.
660 345 722 378 40.
747 345 769 381 3
799 328 933 369 omisit
961 327 1072 380 (cum
1097 328 1136 365 V
1155 333 1195 366 et
1217 327 1274 365 N
1275 325 1308 378 4)
1333 327 1379 366 de
1396 325 1495 380 (ant

179 397 346 449 Africa).
395 399 516 437 Nulla
540 402 808 436 correctorum
834 394 1097 444 temptamina
1123 390 1167 431 in
1191 391 1290 432 folio
1312 404 1460 444 appare
1488 401 1503 441 j

180 463 255 502 nisi
274 476 377 514 quae
396 463 447 502 ab
468 464 556 513 ipso
576 461 623 502 S1
642 462 820 512 profecta
842 458 963 499 sunt.¹

233 529 274 568 Si
293 541 385 567 curn
407 526 593 566 Rhenani
612 524 938 566 adnotationibus
960 523 1153 563 lectiones
1173 523 1292 562 huius
1311 521 1396 562 folii
1415 535 1465 563 co
1492 532 1496 535 “

180 593 325 642 tuleris,
361 594 578 632 concludes
609 593 790 643 profecto
821 591 1035 630 nonnullos
1074 601 1235 636 errores,
1266 595 1311 628 ut
1342 589 1453 629 mino
1475 587 1500 598 “’

180 658 384 706 momenti,
406 658 459 696 ab
488 657 558 696 illo
588 671 670 697 non
697 671 785 697 esse
812 663 1064 696 memoratos.
1125 654 1250 704 Quod
1271 653 1325 695 ad
1344 654 1464 695 melio
1490 687 1493 689 .
1541 645 1544 661 ¹

179 725 329 773 attinet,
360 723 392 763 si
421 724 584 774 quando
615 724 836 761 Rhenanus
865 721 964 767 silet,
994 732 1152 771 semper
1179 721 1261 760 fere
1292 719 1497 760 lectione
1540 726 1543 742 '

179 789 329 829 codicis
362 788 403 827 in
433 789 548 827 Frob.
583 802 603 826 2
637 787 853 827 introducit
884 785 1087 826 Gelenius.
1124 786 1234 825 Vide
1260 784 1316 825 sis
1344 786 1453 825 adno
1485 791 1491 795 ’
1538 801 1541 842 ,f

180 856 308 895 tiones
337 856 388 894 ad
418 853 528 894 Libri
555 855 746 894 XXVIII
774 867 834 894 cc,
857 867 919 903 39.
946 854 1020 902 163
1049 865 1112 900 40.
1139 864 1218 900 113
1245 864 1310 899 40.
1338 865 1413 900 123
1441 863 1494 900 4
1537 858 1540 880 ÷

185 935 244 960 12.
299 921 455 959 Tamen
474 920 516 958 in
535 932 570 959 c.
591 932 657 968 41.
680 933 701 959 2
724 917 841 972 (isse),
864 931 1000 957 ueram
1030 916 1246 955 lectionem
1275 915 1332 969 (et
1351 915 1394 955 in
1411 916 1458 956 P
1490 910 1494 928 ³
1536 934 1538 960 ς

151 1014 153 1016 v
181 986 222 1025 in
242 987 277 1025 S
287 984 499 1036 seruatam)
518 985 641 1024 ambo
659 984 716 1024 illi
735 983 811 1024 uiri
830 983 938 1023 docti
959 981 1147 1022 uidentur
1165 980 1399 1031 neglexisse.
1535 1029 1537 1035 .

234 1052 254 1102 ξ
274 1065 335 1101 91.
358 1053 418 1090 Ex
433 1064 514 1101 quo
531 1052 780 1100 Heerwagen
796 1048 976 1088 inlustria
991 1061 1062 1087 sua
1082 1046 1214 1087 studia
1231 1046 1440 1099 uolgauit‚²
1467 1042 1494 1102 ,J
1533 1054 1536 1101 j

181 1117 223 1155 in
238 1116 373 1167 primis
392 1115 510 1155 huius
530 1114 650 1166 partis
672 1114 848 1155 Decadis
868 1113 1068 1154 editorum
1083 1112 1275 1153 interesse
1293 1119 1452 1153 constat
1488 1134 1490 1136 ·
1532 1165 1534 1172 Ϋ

182 1195 250 1232 per
269 1180 494 1220 testimonia
518 1179 705 1220 codicum
731 1181 796 1219 uel
820 1179 1148 1229 interpolatorum
1167 1178 1233 1217 uel
1253 1176 1376 1218 mixta
1394 1185 1410 1216 t
1435 1204 1442 1212 .
1461 1195 1483 1212 .Δ
1531 1177 1533 1187 ²

183 1246 291 1285 tione
310 1245 669 1285 contaminatorum
684 1245 783 1297 quid
798 1244 873 1296 ipsi
887 1243 1019 1284 codici
1037 1244 1070 1286 Σ
1088 1242 1260 1292 infuerit,
1281 1242 1382 1294 quid
1399 1242 1448 1283 st'

181 1311 276 1351 inde
295 1311 495 1351 deriuatae
512 1311 683 1351 adscribi
702 1310 828 1363 possit
851 1323 924 1361 pro
943 1309 1046 1349 uirili
1065 1317 1178 1361 parte
1193 1309 1399 1360 exquirere
1416 1323 1460 1350 c·
1528 1299 1531 1306 ¹

181 1384 307 1416 entur.
347 1378 398 1416 Et
426 1378 505 1416 hoc
533 1376 696 1428 quidem
726 1389 827 1427 opus
856 1389 951 1415 eum
976 1375 1220 1415 laboriosum
1244 1381 1332 1414 tum
1356 1374 1400 1414 in
1421 1373 1483 1415 Li?

183 1441 312 1481 uerbis
333 1441 585 1482 inlustrandis
606 1441 776 1481 maxime
803 1443 1050 1480 fructuosum
1077 1441 1278 1492 praeclare
1300 1441 1476 1492 adgress

183 1514 243 1547 est
275 1509 477 1559 Augustus
508 1508 643 1547 Luchs
659 1507 697 1557 5³
730 1508 799 1559 qui
826 1521 912 1547 non
939 1509 1071 1548 solum
1099 1505 1264 1547 codices
1287 1507 1483 1547 HVoF

183 1572 372 1612 lectiones
410 1579 675 1611 correctorum
712 1571 863 1612 codicis
894 1573 951 1612 N
973 1570 1153 1622 contulit,
1193 1571 1268 1613 sed
1303 1571 1426 1613 etiam

184 1636 303 1688 stirpe
331 1651 467 1677 eorum
495 1645 576 1677 tam
604 1644 721 1677 acute
745 1637 930 1678 disseruit
957 1646 1001 1678 ut
1024 1637 1320 1690 (praeterquam
1340 1634 1476 1693 quodJ

184 1703 281 1741 falsa
306 1704 502 1753 quaedam
531 1705 584 1744 de
614 1705 696 1742 ‘L’
724 1718 799 1743 suo
825 1703 989 1744 tradidit
1014 1712 1055 1744 et
1081 1704 1370 1745 correctoribus
1395 1703 1453 1743 A*
1475 1751 1479 1757 ,

185 1767 371 1818 neglectis
385 1768 585 1808 traditioni
603 1771 642 1809 V
641 1774 673 1808 Θ
688 1784 827 1820 parum
845 1769 1067 1822 diffidebat)
1088 1770 1188 1810 illud
1206 1770 1318 1822 quod
1338 1770 1410 1810 des
1455 1767 1478 1780 ”

185 1832 234 1872 sit
254 1832 369 1871 huius
389 1832 518 1884 stirpis
538 1841 707 1873 stemma
725 1849 777 1874 ne
797 1836 918 1874 hodie
939 1835 1103 1886 quidem
1128 1833 1382 1875 obsoleuerit.
1517 1838 1521 1886 ζ

238 1899 258 1948 ξ
277 1912 340 1948 92.
361 1900 425 1937 De
446 1899 727 1938 correctoribus
747 1901 1010 1950 Spirensiamk
1033 1902 1213 1940 Codicum
1233 1901 1272 1940 A
1291 1905 1331 1939 et
1345 1901 1403 1940 N

240 1964 335 2002 Post
363 1964 578 2014 fragmenta
606 1964 691 2015 ipsa
721 1967 983 2006 Monacensia
1010 1974 1051 2006 et
1078 1965 1369 2006 Taurinensia⁴
1396 1973 1473 2007 et

185 2041 288 2079 quae
311 2030 502 2080 excerpsit
530 2031 760 2080 Rhenanus,
783 2030 1108 2082 praestantissimi
1135 2038 1256 2072 testes
1285 2030 1464 2072 traditi·
1515 2019 1517 2031 =

187 2096 215 2135 Σ
243 2101 334 2133 sunt
360 2101 599 2133 correctores
623 2095 678 2134 illi
704 2097 854 2135 codicis
876 2099 933 2145 JV,
964 2099 1033 2148 qui
1057 2099 1219 2137 saeculo
1244 2108 1326 2137 xm
1349 2110 1373 2137 e
1399 2097 1440 2136 fo
1512 2103 1515 2149 j

186 2160 361 2210 quodam
387 2158 639 2210 Spirensiano
665 2162 910 2202 hauriebant.
963 2164 1087 2202 Erant
1112 2170 1260 2211 autem,
1281 2170 1327 2202 ut
1346 2164 1398 2203 de
1422 2180 1456 2198 σε

229 2280 241 2300 1
271 2279 347 2320 E.g.
365 2291 394 2312 c.
414 2290 465 2319 41.
485 2292 516 2321 2,
532 2293 598 2321 que
614 2286 649 2313 te
665 2282 715 2314 S:
743 2283 850 2322 quite
868 2282 921 2316 8¹.

229 2331 243 2352 ²
268 2332 510 2365 commentatio
535 2333 652 2365 Critica
674 2334 713 2365 de
739 2334 777 2365 T.
794 2335 878 2367 Liui
895 2334 1030 2379 XXVI,
1047 2346 1102 2378 41.
1117 2338 1241 2377 18-44.
1261 2346 1281 2368 1
1294 2334 1427 2380 (Nssrn
1509 2337 1510 2340 ’

190 2384 300 2425 1869).

229 2436 243 2456 ³
267 2435 333 2476 Op.
351 2437 405 2467 cit.
585 2437 596 2455 ⁴
620 2437 706 2469 Vide
724 2441 739 2477 ς
758 2448 811 2480 95,

803 2509 891 2535 XXIV
