1546 2756
131 135 270 174 XXVI
291 144 344 172 22
364 148 383 181 3
725 130 848 170 TITI
878 130 998 169 LIVI

200 257 386 297 praesens
407 251 499 292 erat,
522 241 746 295 gratulandi
765 255 884 281 eausa
898 240 1014 280 turba
1026 239 1159 287 coiret,
1175 252 1250 278 nec
1265 239 1412 279 dubius
1433 257 1440 261 ’
1489 254 1491 256 ’
1544 244 1546 251 “

201 323 418 349 consensus
437 309 584 360 populi,
608 321 752 359 magna
769 307 1030 346 circumfusus
1049 305 1165 344 turba
1183 305 1237 343 ad
1251 304 1423 344 tribunal
1468 314 1493 361 ‘s
1545 305 1546 308 ’

203 506 278 546 bus
312 505 607 558 exspectatione
638 505 830 556 quidnam
864 503 1136 554 postulaturus
1169 508 1285 551 esset,
1319 503 1440 542 oculo
1489 501 1491 504 ’

163 577 183 609 6
203 572 472 612 ualetudinem
490 570 710 610 excusauit:
731 569 1009 620 impudentem
1024 575 1064 607 et
1079 568 1385 619 gubernatorem
1400 574 1441 607 et
1459 566 1488 608 i

203 645 422 688 peratorem
445 650 530 676 esse
550 635 630 687 qui,
647 649 739 674 cum
757 633 899 674 alienis
917 634 1044 673 oculis
1061 632 1097 672 ei
1111 632 1249 672 omnia
1261 633 1417 685 agenda
1436 632 1469 674 si
1536 655 1539 686 3

166 713 183 749 7
203 704 374 754 postulet
388 702 462 741 sibi
474 704 642 741 aliorum
660 699 792 751 capita
805 714 853 739 ac
868 701 1047 739 fortunas
1065 697 1265 739 committi
1274 713 1288 749 3
1311 698 1492 752 proind

203 769 402 808 uideretur
417 767 464 815 ei,
486 767 613 807 redire
626 766 667 806 in
683 766 912 817 suffragium
927 765 1138 805 Voturiam
1153 764 1356 806 iuniorum
1374 764 1469 807 iube
1489 820 1491 823 ι
1535 771 1537 814 j

203 841 242 873 et
262 833 488 873 meminisse
507 833 548 872 in
569 832 800 873 consulibus
821 832 1002 872 creandis
1023 831 1118 872 belli
1143 832 1255 884 quod
1281 831 1324 872 in
1348 832 1463 873 Italia.
1485 852 1490 882 1

165 911 183 941 8
203 907 508 951 temporumque
553 900 607 938 rei
643 897 827 949 publicae
838 912 850 947 3
903 897 1069 938 uixdum
1111 899 1313 950 requiesse
1353 911 1478 952 aures¹
1531 904 1534 954 J

203 965 367 1016 strepitu
382 972 421 1005 et
437 966 610 1004 tumultu
629 964 776 1013 hostili,
793 977 875 1015 quo
891 977 1040 1015 paucos
1055 971 1150 1004 ante
1164 977 1323 1004 menses
1337 977 1451 1004 cesse
1479 955 1490 996 s
1530 1011 1532 1015 Ι

203 1043 326 1081 prope
349 1030 509 1069 moenia
530 1031 725 1069 Romana.
792 1032 887 1069 Post
914 1031 1013 1069 haee
1033 1044 1126 1069 cum
1145 1029 1324 1070 centuria
1342 1031 1485 1082 frequ
1530 1021 1533 1028 ’

203 1097 480 1135 succlamasset
496 1095 597 1135 nihil
611 1109 653 1135 se
674 1103 826 1135 mutare
843 1095 1064 1136 sententiae
1082 1097 1330 1148 eosdemque
1342 1109 1440 1136 cons

163 1182 183 1214 9
202 1160 376 1201 dicturos
402 1175 498 1210 esse,
525 1168 611 1200 tum
640 1163 867 1211 Torquatus
900 1162 1068 1212 ‘Neque
1095 1175 1170 1213 ego
1197 1163 1373 1202 uestros’
1399 1161 1482 1215 inq

205 1229 355 1267 ‘mores
393 1228 532 1266 consul
566 1228 664 1266 ferre
696 1234 837 1278 potero
870 1240 1004 1278 neque
1030 1241 1104 1267 uos
1136 1227 1346 1278 imperium
1379 1241 1444 1269 me
1478 1226 1481 1227 ⁷
1526 1224 1529 1235 ⁵

203 1292 348 1332 Redite
366 1292 408 1332 in
428 1292 654 1344 suffragium
675 1300 713 1331 et
733 1292 903 1344 cogitate
923 1293 1074 1332 bellum
1091 1292 1286 1332 Punicum
1301 1293 1343 1333 in
1359 1284 1479 1334 Ital'³

145 1375 184 1396 10
202 1358 375 1397 hostium
391 1359 536 1397 ducem
553 1358 824 1397 Hannibalem
840 1360 951 1398 esse.'
1034 1360 1141 1398 Tum
1155 1357 1331 1398 centuria
1342 1366 1383 1399 et
1393 1371 1443 1398 au
1467 1364 1481 1407 j
1522 1407 1525 1415 ,

201 1425 314 1463 ritate
333 1431 440 1463 mota
455 1422 530 1463 uiri
545 1432 581 1463 et
597 1423 878 1463 admirantium
893 1423 999 1463 circa
1013 1423 1183 1472 fremitu,
1199 1423 1311 1475 petiit
1325 1437 1350 1463 a

147 1505 179 1527 11
202 1496 244 1529 ut
274 1491 483 1529 Voturiam
512 1488 713 1529 seniorum
743 1490 905 1532 citaret:
935 1492 1040 1531 uelle
1073 1503 1161 1531 sese
1191 1503 1284 1530 cum
1312 1489 1467 1531 maiori

245 1596 266 1626 3
290 1588 387 1618 turba
412 1587 452 1618 ad
479 1587 662 1620 CM³Aald.
681 1600 689 1621 t
713 1589 799 1620 turis
820 1594 853 1620 at
874 1602 903 1622 τι·
925 1589 1006 1631 (scil.
1029 1589 1072 1620 IS
1086 1593 1150 1630 pro
1165 1587 1234 1630 B):
1257 1593 1369 1620 turma
1388 1589 1431 1621 ad
1464 1609 1467 1612 ⁴

203 1632 309 1662 tur-isa
324 1637 433 1662 turma
450 1632 490 1662 ad
506 1631 564 1663 D:
587 1637 697 1663 turma
713 1633 783 1663 A⁷o
960 1644 979 1672 4
1004 1634 1157 1673 metitque
1175 1633 1245 1666 UO:
1269 1633 1436 1673 petiitque
1456 1641 1457 1645 ’

204 1685 310 1706 mann
325 1674 384 1706 sed
397 1675 463 1706 uid.
481 1686 507 1707 1.
526 1686 556 1714 3.
575 1685 596 1715 3
611 1675 691 1707 adn.
707 1680 737 1707 et
751 1688 804 1716 23.
823 1687 874 1716 23.
893 1687 915 1716 9
930 1681 962 1708 et
976 1677 1013 1718 cf.
1032 1677 1068 1708 in
1085 1677 1146 1709 hoc
1161 1680 1252 1709 tomo
1271 1687 1327 1718 27.
1349 1686 1381 1718 5.
1403 1687 1426 1718 9
1466 1690 1468 1693 ¹

268 1727 288 1757 5
310 1719 538 1749 ualetudinem
555 1719 621 1751 PR
637 1720 748 1761 (ualit-
767 1720 1022 1761 CR²MBDAO)
1165 1723 1187 1752 6
1209 1721 1272 1752 sibi
1288 1721 1346 1754 K:
1368 1720 1433 1752 sibi
1458 1737 1473 1752 s.

204 1761 263 1800 Π]
269 1773 276 1793 :
301 1762 364 1792 sibi
381 1763 493 1802 potius
512 1763 624 1803 Gran„
643 1764 702 1795 sed
714 1764 833 1803 sipost
846 1764 934 1796 illud
945 1765 1096 1798 Puteum·
1113 1766 1296 1807 quicquam
1316 1763 1415 1796 aliud
1516 1765 1518 1769 “

202 1805 351 1845 postulet
365 1806 484 1836 iterum
501 1807 663 1848 inceptum
681 1807 732 1849 (cfi
750 1819 775 1840 c.
796 1818 841 1847 17.
858 1818 878 1848 5
897 1813 927 1840 et
941 1820 995 1849 27.
1014 1820 1068 1850 44.
1086 1819 1102 1841 1
1116 1808 1226 1851 adm),
1243 1809 1409 1841 malimus
1432 1813 1459 1847 ·j'

202 1850 322 1880 simum
339 1849 470 1881 scribere
615 1851 755 1882 aliorum
772 1851 845 1884 Ae:
869 1852 973 1883 alium
995 1853 1020 1885 Π
1179 1863 1198 1894 7
1220 1853 1399 1885 uideretur
1413 1851 1460 1886 ei

203 1892 337 1934 Fuluio)
350 1893 463 1924 Madv.
482 1893 525 1933 (et
544 1898 583 1926 ut
597 1894 662 1926 uid.
683 1894 742 1935 101,
758 1896 844 1936 apice
858 1896 980 1928 litterae
995 1897 1024 1927 T
1041 1897 1130 1928 uocis
1144 1901 1178 1928 et
1193 1897 1384 1936 semieraso)
1398 1907 1407 1929 ι
1430 1906 1453 1932 ιι
1514 1935 1516 1937 ¹

202 1942 297 1968 retur
307 1941 341 1968 et
351 1936 532 1969 PCAOald.
546 1949 554 1968 :
573 1938 741 1970 diuidetur
752 1944 786 1970 et
796 1939 888 1971 RM:
905 1942 1043 1972 uidetur
1052 1945 1085 1972 et
1096 1940 1224 1972 MlBD
1334 1940 1425 1972 Votu
1445 1938 1461 1949 ”

203 1991 237 2012 u.
251 1982 267 2017 ξ
279 1991 298 2011 2
401 1982 593 2013 meminisse
606 1982 690 2014 Edd.
704 1984 880 2025 mzteAld.‚
895 1983 958 2016 Iac.
975 1984 1075 2017 Gron.
1092 1996 1101 2017 ι
1125 1983 1336 2016 meminisset
1351 1985 1399 2017 Πθ
1434 1996 1460 2026 χ

333 2025 355 2056 8
378 2026 549 2064 requiesse
571 2025 714 2056 POEDAo
729 2038 736 2057 :
762 2029 970 2068 requiessem
986 2042 1023 2067 π,
1040 2028 1078 2069 ιγ.
1093 2039 1116 2060 ι’.
1131 2040 1185 2068 40.
1200 2038 1236 2059 11
1248 2028 1327 2060 adn.
1343 2039 1352 2060 ε
1375 2037 1437 2071 req
1448 2062 1461 2069 2
1511 2063 1514 2068 ¹

203 2077 280 2100 cere
302 2078 339 2099 se
363 2067 450 2099 Edd.
477 2072 536 2100 uet.
561 2073 636 2100 ante
657 2070 703 2102 ed.
725 2070 805 2104 Par.
829 2081 935 2112 1513:
966 2073 1182 2112 requiescere
1201 2071 1250 2105 ed.
1272 2071 1356 2103 Par.
1378 2080 1436 2112 151
1510 2069 1514 2073 ’

202 2121 303 2141 aures
321 2112 389 2152 (uel
402 2111 460 2151 -is)
473 2112 594 2144 'n'A792
619 2113 652 2144 in
664 2124 766 2145 auros
784 2116 850 2155 (-0-
867 2115 901 2145 in
918 2117 999 2158 ras.)
1015 2116 1088 2147 Al:
1113 2117 1146 2147 in
1166 2116 1257 2147 auris
1272 2115 1388 2148 DA&
1420 2130 1450 2148 ν.

203 2154 232 2185 C
236 2154 329 2186 2M5:
353 2155 458 2185 muris
478 2155 520 2186 C4
738 2159 903 2191 cesserint
918 2159 976 2190 M⁷
999 2159 1224 2202 (Madvigium
1239 2159 1399 2200 confirma
1510 2163 1512 2167 '

202 2197 288 2229 ultro
301 2199 380 2239 quoi
402 2199 414 2238 (
417 2204 481 2239 pro
496 2200 576 2239 quo)
594 2224 603 2231 .
622 2224 630 2232 .
649 2224 657 2232 .
678 2202 843 2233 cesserint
864 2204 999 2242 coniecit,
1024 2203 1104 2235 Em.
1123 2209 1159 2244 p.
1178 2203 1282 2244 377):
1310 2202 1433 2235 asseri
1452 2201 1458 2224 >¹

201 2243 345 2273 asseruit
361 2241 390 2273 C
393 2242 477 2274 ²A⁷o
490 2254 498 2274 z
522 2245 712 2275 assederint
727 2244 845 2277 Assald.
858 2246 964 2278 Drak.
977 2247 1037 2278 sed
1049 2247 1192 2278 adsideo
1203 2257 1279 2278 cum
1294 2245 1430 2289 Datiqu
1445 2246 1448 2251 ’
1507 2275 1510 2286 ,

202 2296 255 2316 21.
270 2296 322 2324 25.
336 2287 379 2326 63
398 2297 449 2326 23.
467 2297 516 2327 19.
531 2296 562 2326 5,
578 2298 633 2318 nec
641 2288 782 2328 quadrat
792 2300 869 2320 cum
881 2290 1024 2330 strepitu
1039 2301 1048 2322 ε
1066 2291 1213 2323 arserint
1222 2287 1451 2332 Alschejlskssf
1506 2293 1510 2326 ζ

201 2330 417 2362 ascenderint
434 2330 626 2362 Weissenb.:
647 2342 766 2363 scansa
779 2334 848 2364 sint
861 2333 991 2365 Luchs:
1013 2345 1177 2367 concussa
1187 2335 1257 2366 sint
1267 2333 1372 2366 Doni
1394 2350 1406 2372 ,¹
1418 2344 1447 2374 -ξ
1507 2339 1509 2341 ’

201 2372 260 2403 alii
482 2385 504 2414 9
527 2374 561 2405 in
577 2375 673 2406 Italia
687 2375 867 2420 C4M1(sed
878 2378 925 2409 ita
936 2377 1239 2420 alia>BDAK.ald.
1254 2387 1263 2410 :
1284 2378 1379 2411 italia
1410 2382 1420 2389 '
1433 2384 1446 2402 Ρ
1506 2381 1508 2384 “

203 2417 263 2457 (ita
275 2416 389 2458 alia)]‚
405 2417 443 2458 ιγ.
457 2428 479 2449 e.
500 2428 550 2458 13.
569 2428 587 2458 7
603 2419 681 2452 adn.
1449 2431 1452 2435 “
