1546 2756
405 169 480 207 AB
506 167 662 207 VRBE
686 165 952 208 CONDITA
1089 167 1277 207 XXVIII
1300 174 1347 217 15
1367 182 1383 206 1

44 299 70 313 ι
110 292 294 320 ·norum
329 280 517 318 Romano
550 278 778 330 Latinoque
807 277 924 318 militi
952 276 1112 318 obiecta
1138 285 1232 317 erat.
1291 279 1342 317 Et
1361 294 1378 316 2

27 346 32 354 “
75 364 84 380 ³
123 345 262 386 dente
278 344 358 384 iam
378 344 444 384 die
464 346 568 384 uires
586 344 707 385 etiam
723 345 898 384 deficere
917 344 1183 384 Hasdrubalis
1197 345 1341 383 exerci-

75 430 95 445 n
139 417 366 462 coeperant,
405 423 617 462 oppressos
654 411 849 450 matutino
885 411 1063 450 tumultu
1099 415 1342 460 coactosque

28 464 248 535 Ὓιιεςιιαῐῃ
265 475 360 516 cibo
378 489 546 528 corpora
563 477 762 516 firmarent
779 475 921 527 raptim
941 474 985 514 in
998 474 1126 515 aciem
1145 474 1275 523 exire3
1301 482 1341 513 et
1359 485 1378 516 3

28 533 52 590 '‘{f‘
94 542 136 582 id
159 542 303 582 sedulo
328 541 437 581 diem
465 549 682 582 extraxerat
700 540 836 593 Scipio
863 548 908 580 ut
935 554 1022 580 sera
1050 553 1184 592 pugna
1210 547 1316 580 esset
1329 554 1341 589 ;

67 625 87 642 ¹·
130 608 184 647 ab
201 606 371 659 septima
391 608 557 647 demum
575 609 673 647 hora
693 606 874 658 peditum
893 605 1007 657 signa
1024 605 1212 645 cornibus
1234 607 1341 645 incu-

114 680 221 712 runt
231 687 244 723 5
272 674 326 712 ad
340 672 494 713 medias
508 672 615 713 acies
629 672 835 724 aliquanto
853 671 978 711 serius
993 673 1174 723 peruenit
1193 683 1336 722 pugna,
1356 690 1379 721 4

31 731 65 768 ‘js
103 746 147 779 ut
173 738 282 791 prius
310 747 445 778 aestus
470 752 496 779 a
522 738 746 779 meridiano
775 739 858 777 sole
886 737 1082 788 laborque
1108 737 1240 776 standi
1265 736 1341 775 sub

104 801 113 810 '
172 811 213 844 et
248 804 366 843 simul
400 805 526 844 fames
559 803 725 855 sitisque
759 816 928 854 corpora
962 802 1181 842 adficerent
1217 815 1340 853 quam

111 883 158 909 us
196 883 291 909 cum
311 862 445 909 'hoste
485 876 748 909 consererent.
808 869 951 920 Itaque
988 875 1181 907 steterunt
1218 868 1340 906 scutis
1358 877 1377 909 5

73 957 78 967 ·
92 933 153 974 'xi.
193 937 281 975 Iam
300 949 420 988 super
436 943 569 975 cetera
580 933 782 986 elephanti
797 933 918 973 etiam
931 934 1180 972 tumultuoso
1194 945 1340 984 genere

36 991 91 1046 ἧς
133 1013 175 1040 e
197 999 380 1052 equiturn
404 1001 654 1052 uelitumque
671 1007 713 1040 et
729 998 831 1039 leuis
852 1006 1075 1038 armaturae
1097 999 1339 1038 consternati

35 1056 247 1105 'ni-nibus
266 1065 308 1106 in
334 1066 510 1105 mediam
536 1066 664 1106 aciem
690 1079 778 1105 sese
802 1066 1028 1104 intulerant.
1086 1063 1199 1104 Fessi
1223 1063 1341 1116 igitur
1357 1074 1378 1107 6

83 1149 107 1166 2·
122 1131 249 1171 oribus
275 1130 502 1183 animisque
526 1133 711 1172 rettulere
736 1131 896 1182 pedem,
917 1129 1078 1170 ordines
1103 1137 1238 1169 tamen
1265 1143 1341 1169 ser-

40 1187 158 1254 f'stes·
184 1197 294 1237 haud
321 1211 436 1238 secus
462 1211 585 1250 quam
611 1196 645 1236 si
670 1195 838 1248 imperio
860 1195 974 1236 ducis
1001 1196 1160 1236 cederet
1187 1194 1340 1247 integra

40 1338 90 1385 ⁴er-
107 1345 114 1349 ·
129 1345 140 1363 ι
164 1341 256 1368 cum
269 1342 319 1369 eo
330 1328 419 1380 ipso
430 1328 558 1369 acrius
571 1328 642 1369 ubi
655 1328 884 1368 inclinatam
901 1341 1059 1368 sensere
1071 1341 1154 1367 rem
1168 1327 1341 1368 uictores
1358 1341 1377 1378 7

40 1383 266 1450 §sgundique
291 1392 539 1444 inueherent,
557 1407 633 1434 nec
658 1394 773 1433 facile
798 1394 971 1445 impetus
994 1393 1180 1433 sustineri
1205 1401 1341 1446 posset

50 1460 81 1517 Δι’,
109 1472 263 1511 uquam
290 1459 485 1500 retinebat
514 1459 814 1511 obsistebatque
841 1458 1078 1499 cedentibus
1108 1459 1341 1499 Hasdrubal
1358 1467 1377 1498 8

43 1526 199 1577 tergo
217 1538 305 1565 esse
323 1526 445 1565 colles
464 1532 676 1576 tutumque
695 1532 899 1576 receptum
914 1524 947 1564 si
963 1525 1122 1565 modice
1137 1539 1180 1565 se
1195 1524 1342 1577 recipe-

81 1583 82 1586 *
142 1589 360 1640 clamitans,
395 1598 531 1630 tamen
564 1591 751 1630 uincente
782 1597 897 1630 -metu
929 1590 1213 1630 uerecundiam
1246 1603 1340 1630 cum
1357 1603 1380 1638 9

101 1687 290 1730 Latinoque
304 1689 428 1722 A⁷N⁴o
442 1689 550 1721 Edd.:
574 1699 654 1730 -que
673 1689 746 1731 ΠΝ,
764 1689 803 1730 cf.
821 1691 874 1720 26.
893 1700 943 1721 11.
962 1700 1001 1720 12
1017 1689 1098 1722 adn.
1113 1689 1160 1732 (b)

48 1740 97 1773 [ζμ
125 1733 415 1774 wN’SpOFroba:
438 1744 504 1765 om.
521 1733 676 1765 AN.ald.
809 1734 866 1765 die
881 1733 974 1764 uires
989 1734 1090 1765 etiam
1106 1733 1158 1764 A⁷
1173 1737 1204 1764 et
1215 1732 1341 1765 A⁸N⁴o

58 1819 85 1826 ρ
119 1786 130 1808 =
152 1786 221 1809 om.
239 1776 307 1809 ΠΝ
319 1776 377 1819 (sc.
393 1778 431 1827 ob
446 1777 515 1817 ὀμ.)
653 1787 674 1817 3
697 1782 733 1808 et
749 1776 820 1819 (ad)
836 1777 874 1808 N
876 1776 960 1808 *Vae
972 1790 981 1808 ε
1002 1788 1071 1827 orp-
1090 1777 1338 1811 nNOald.Fr0b.

50 1852 90 1916 ti
143 1820 1063 1914 ηεηιαῐζῖιτξῇΐζηξέἒυξξιέὲιῗὲῗῗαῗάξηταὲἕὶιέιὸιῗῑὸἐτῖιῖιῖ
1073 1831 1296 1905 'gffgkroba
1311 1868 1343 1895 et

51 1917 68 1967 :³
79 1913 91 1974 ἶ
105 1907 1275 1994 ‘1335159St‘ffss-'Znssugnaa?k‘ffffsstoif'ssffN'0Ffflsss10‘ficssiffi
1289 1907 1345 1982 Z}

50 2016 86 2048 ἓ
133 2005 182 2028 .=
203 1973 292 2027 solet
307 1976 377 2037 (uei
389 1974 439 2026 sol
456 1996 506 2037 et)
521 2007 571 2028 vr:
594 1995 646 2027 sol
662 1994 737 2025 AN
873 2004 893 2036 5
918 1995 1036 2035 Itaque
1051 1994 1338 2027 A⁷N⁴Oald.Frob.

51 2043 78 2082 :js
95 2080 98 2083 ι
121 2038 169 2070 ita
185 2038 252 2071 ΠΝ
450 2038 521 2070 Iam
542 2038 713 2070 Weissenb.
729 2049 738 2070 ι
760 2048 838 2071 nam
856 2039 1040 2080 UNO,sort.
1059 2042 1147 2078 recte,
1164 2049 1206 2071 sc.
1223 2038 1271 2069 ad
1285 2040 1302 2076 ξ
1319 2048 1339 2068 2

126 2081 275 2114 deficere
287 2083 455 2124 respiciens
463 2093 477 2120 ,·
498 2082 650 2114 similiter
659 2082 694 2113 in
707 2091 759 2121 27.
774 2092 826 2122 14.
842 2093 882 2122 13
896 2086 928 2114 et
939 2093 999 2124 eg.
1012 2092 1066 2114 22.
1080 2083 1134 2113 28.
1152 2092 1166 2113 1
1182 2092 1251 2113 uox
1261 2091 1339 2112 nam

52 2129 86 2172 Αἱ
101 2145 115 2149 =-
142 2148 147 2152 »
169 2127 293 2167 respicit
300 2138 315 2165 ‚·
336 2130 448 2157 contra
463 2126 503 2158 de
519 2135 597 2157 nam
611 2128 643 2157 et
656 2126 721 2157 iam
738 2126 931 2167 oonsusisef
948 2128 1002 2157 26.
1022 2137 1052 2166 7.
1070 2136 1091 2166 3
1106 2125 1186 2157 adn.
1205 2168 1212 2175 .

127 2223 161 2245 ,ς
182 2169 478 2253 ἓᾶἶζΐῖᾜῗῗα·
501 2168 815 2245 ωξὲὶῖῗῦὗίῖιὲ·
817 2222 826 2244 2
833 2169 1114 2245 ²2512⁷a1>⁴223322.
1132 2172 1340 2254 amia?

56 2276 59 2278 >
74 2269 91 2292 ,·
246 2266 265 2297 7
289 2266 429 2288 sensere
444 2266 515 2288 rem
534 2255 636 2287 Gron.
651 2266 660 2287 :
682 2266 856 2288 senserem
870 2255 911 2296 Ρ,
925 2256 964 2297 cs.
977 2267 1029 2296 27.
1046 2265 1074 2287 1.
1092 2265 1126 2286 11
1140 2255 1219 2287 adn.
1234 2267 1242 2287 ε
1263 2265 1341 2286 sen-

123 2297 220 2374 ἮΝΘ
280 2298 922 2384 ἰωρεωίξῖ-ἰὺῖῖῇἓίζζῇθῗὶἔ..εοῗςὲῐε
937 2310 984 2332 πε
1010 2299 1111 2340 sagile
1125 2298 1197 2331 P2:
1222 2298 1342 2338 fragile
