1546 2756
148 165 286 203 XXVI
309 174 366 212 39
389 179 428 212 19
744 162 863 201 T1T1
894 161 1011 200 L1V1

218 281 352 314 meatu
364 273 641 325 sequebantur,
651 285 871 323 perpaucae
883 270 923 310 in
936 277 1176 322 potestatem
1189 269 1364 311 hostium
1375 271 1499 312 uen'

218 340 320 379 aliae
355 340 408 378 ad
438 338 608 378 incertos
640 345 782 378 uentos
813 336 908 376 hinc
937 344 1059 387 atque
1088 335 1198 375 illinc
1230 336 1395 388 obliqua
1495 341 1498 343 ’

220 406 389 444 ferentes
408 405 507 451 uela,
529 403 570 442 in
590 405 714 442 altum
734 410 897 442 euectae
917 408 1021 440 sunt.
1484 446 1495 456 ff

162 477 201 499 20
275 472 539 521 Nequaquam
560 468 643 520 pari
662 470 820 508 fortuna
837 481 909 518 per
931 481 1000 507 eos
1030 466 1116 507 dies
1143 468 1308 507 Tarenti
1333 480 1395 507 res
1419 481 1460 520 g
1475 488 1488 504 ;

220 537 326 575 Nam
345 537 396 575 ad
417 542 602 586 quattuor
621 533 728 572 milia
747 534 954 573 hominum
975 534 1259 572 frumentatum
1278 546 1433 584 egressa
1494 586 1497 587 ⁷

161 613 198 636 21
220 600 261 639 in
288 602 390 651 agris
419 599 564 652 passim
594 606 839 650 uagarentur,
872 597 1009 637 Liuius
1043 597 1113 648 qui
1149 597 1231 637 arci
1266 598 1493 650 praesidi-2

221 667 408 706 Romano
436 672 624 717 praeerat,
650 664 825 703 intentus
848 663 890 702 in
914 677 1055 704 omnes
1088 665 1319 704 occasiones
1347 677 1484 716 geren

219 730 286 778 rei,
318 731 363 771 C.
395 729 571 769 Persium
602 729 812 780 impigrum
842 728 971 767 uirum
1001 742 1095 768 cum
1122 729 1283 769 duobus
1310 722 1495 786 milibus¹

161 807 198 830 22
219 794 478 848 (quingentis)
498 803 737 834 armatorum
759 808 807 834 ex
825 808 916 834 arce
937 793 1079 843 emisit,
1102 794 1172 846 qui
1191 808 1292 847 uage
1310 795 1456 836 effusos

218 875 332 913 agros
352 863 584 912 palatosque
603 862 766 900 adortus
782 874 873 900 cum
894 859 965 900 diu
985 860 1132 911 passim
1152 859 1373 910 cecidisset,
1394 868 1492 913 pau'
1541 858 1544 866 ’

219 940 267 966 ex
303 926 451 975 multis,
489 926 641 977 trepida
679 927 770 977 fuga
806 925 1029 965 incidentes
1066 925 1310 977 semiapertis
1342 928 1494 979 porta
1539 924 1543 939 ⁴

219 991 379 1040 foribus,
401 991 442 1030 in
462 992 601 1030 urbem
622 991 815 1042 compulit
834 989 984 1043 ne(que
1003 992 1173 1030 multum
1199 990 1298 1031 afuit
1317 989 1433 1045 quin)
1473 987 1493 1050 ἶ,
1539 987 1541 1000 ³

162 1069 200 1100 23
220 1060 363 1098 eodem
389 1057 540 1109 impetu
564 1064 782 1108 caperetur.
842 1058 904 1096 Ita
926 1064 1120 1107 aequatae
1148 1069 1209 1097 res
1234 1058 1287 1098 ad
1312 1059 1443 1098 Taren
1474 1071 1486 1111 j
1535 1068 1538 1107 ζ

220 1124 413 1162 Romanis
443 1122 659 1162 uictoribus
689 1119 838 1174 (terra),
866 1121 1260 1172 Carthaginiensibus
1285 1123 1394 1163 mari.
1480 1121 1484 1124 ⁴
1535 1114 1538 1122 ¹

220 1187 342 1227 menti
363 1201 463 1239 spes,
486 1201 589 1239 quae
609 1187 649 1226 in
670 1187 795 1227 oculis
816 1189 952 1236 fuerat,
975 1194 1165 1239 utrosque
1189 1189 1370 1228 frustrata
1398 1206 1428 1224 v:
1459 1187 1482 1223 ’τ’
1530 1240 1535 1253 t

142 1263 200 1302 40
273 1256 347 1293 Per
366 1253 473 1293 idem
494 1261 651 1304 tempus
673 1253 873 1293 Laeuinus
893 1255 1034 1292 consul
1054 1253 1133 1292 iarn
1159 1267 1303 1305 magna
1321 1260 1431 1305 parte
1456 1259 1476 1287 -«“
1532 1258 1534 1260 ’

218 1318 458 1358 circumacta
476 1317 518 1357 in
538 1317 711 1357 Siciliam
732 1317 933 1357 ueteribus
949 1317 1146 1369 nouisque
1162 1318 1280 1358 sociis
1295 1332 1438 1371 exspec
1462 1338 1467 1353 τ

217 1397 310 1423 cum
323 1383 506 1432 uenisset,
522 1383 693 1434 primum
706 1396 753 1422 ac
766 1383 1017 1434 potissimum
1030 1383 1212 1423 omnium
1224 1390 1330 1424 ratus
1344 1386 1439 1436 Syra
1527 1432 1530 1445 ⁶

182 1464 197 1485 2
218 1463 323 1488 noua
338 1463 436 1500 pace
451 1449 676 1488 inconditas
690 1462 933 1500 componere
948 1463 1021 1498 res,
1036 1449 1298 1501 Agrigentum
1313 1451 1418 1500 inde,
1432 1462 1473 1503 q
1525 1499 1528 1505 .

217 1514 310 1554 belli
330 1514 524 1565 reliquum
544 1522 626 1553 erat
645 1514 934 1565 tenebaturque
953 1528 978 1553 a
997 1513 1384 1566 Carthaginiensium
1443 1510 1481 1560 εἶ’μ

182 1597 199 1628 3
219 1579 425 1631 praesidio,
445 1579 556 1619 duxit
571 1579 758 1631 legiones.
801 1582 853 1619 Et
868 1581 994 1620 adfuit
1010 1581 1169 1619 fortuna
1182 1579 1354 1632 incepto.
1390 1581 1447 1621 H
1523 1579 1526 1586 ²

261 1687 302 1708 21
326 1678 382 1717 qui
401 1678 497 1719 (arci)
517 1678 738 1710 CM²A70ald.
755 1678 851 1711 Frob.
870 1689 897 1710 1.
915 1689 956 1711 2:
980 1678 1034 1710 aui
1051 1690 1101 1711 πε
1125 1678 1158 1710 ui
1171 1678 1217 1720 (2²)
1235 1678 1293 1710 M¹

219 1721 305 1752 sium
325 1722 350 1753 Π
366 1733 373 1754 :
399 1732 557 1762 perseum
573 1721 643 1753 A⁷0
787 1727 821 1754 et
838 1723 1033 1763 quingentis
1049 1722 1255 1764 Alschefski:
1279 1727 1314 1754 et
1328 1735 1367 1762 π,
1385 1723 1422 1764 οἵ
1441 1723 1466 1767 (
1519 1723 1525 1765 ζ

217 1765 355 1804 omisso)
375 1776 398 1797 c.
412 1766 465 1804 38.
484 1776 518 1797 11
533 1770 562 1797 et
573 1776 625 1806 29.
640 1767 693 1798 28.
710 1776 750 1798 10
761 1766 865 1799 adnn.
890 1767 943 1807 (cs.
965 1767 1066 1798 etiam
1087 1777 1111 1798 c.
1138 1777 1188 1798 11.
1210 1776 1250 1797 12
1267 1765 1344 1799 adn.
1365 1766 1428 1807 (ω)
1441 1777 1451 1799 =
1475 1770 1477 1773 ’

219 1808 410 1840 BDAOald.
429 1809 523 1841 Frob.
543 1819 569 1841 1.
589 1820 608 1840 2
796 1821 838 1840 22
862 1810 1053 1841 incidentes
1071 1810 1144 1851 (-tis
1159 1809 1266 1852 PCR)
1282 1809 1378 1842 PCR
1392 1809 1427 1842 F
1445 1826 1450 1834 ··
1464 1811 1472 1832 Γ
1518 1807 1523 1851 ξ

219 1852 410 1884 incedentis
428 1854 509 1893 (—tes
525 1852 679 1884 B2K.ald
690 1853 703 1890 )
723 1852 751 1885 C
754 1853 816 1884 ⁵R2
832 1857 861 1884 et
876 1853 1158 1886 R³MBDAoald.
1314 1854 1452 1896 ne(que>

218 1900 290 1927 tum
307 1896 390 1927 afuit
403 1896 500 1937 quin)
511 1896 695 1937 Alschefski
708 1898 782 1937 (qui
791 1901 901 1928 tamen
916 1908 979 1928 nec
987 1903 1049 1939 pro
1062 1908 1172 1938 neque
1179 1897 1322 1939 praebet)
1336 1908 1343 1930 :
1367 1908 1411 1929 ne
1452 1898 1456 1920 ‘r
1518 1899 1519 1904 ’

217 1939 314 1971 Frob.
330 1949 358 1971 1.
375 1950 404 1979 2,
429 1941 513 1971 linea
535 1941 632 1971 haud
649 1941 797 1981 amplius
817 1941 901 1973 xviii
921 1942 980 1974 litt.
1005 1942 1139 1981 omissa,
1158 1942 1195 1983 ‘s-
1218 1952 1243 1974 c.
1266 1943 1297 1979 ,6.
1321 1943 1360 1973 16
1381 1940 1430 1973 ad
1449 1963 1471 1977 .

218 1994 404 2023 parumque
420 1983 504 2015 afuit
522 1994 564 2015 ne
580 1984 653 2016 Pal.
671 1995 691 2014 2
705 1995 713 2016 z
737 1995 854 2025 parum
871 1985 976 2016 abfuit
992 1995 1035 2016 ne
1051 1984 1103 2015 Ab
1275 1995 1318 2025 23
1341 1989 1444 2024 terra,

219 2027 490 2065 thaginiensibus
504 2027 537 2067 (i.
542 2038 566 2059 e.
583 2028 658 2066 -ib')
671 2028 872 2069 scripsimus,
888 2029 1010 2059 lineam
1021 2029 1081 2060 xix
1093 2028 1148 2060 uel
1159 2039 1207 2059 xx
1217 2029 1276 2061 litt.
1289 2032 1366 2070 post
1381 2028 1436 2060 uic
1514 2052 1517 2060 1

219 2081 241 2101 a
262 2070 471 2102 Pomissam
494 2082 560 2102 esse
583 2071 654 2111 ναῖε,
673 2072 709 2112 cs.
728 2071 808 2103 adn.
829 2078 934 2113 praec.
953 2076 984 2104 et
1003 2083 1027 2104 c.
1046 2074 1077 2104 6.
1102 2074 1141 2103 16
1161 2072 1262 2104 adm:
1286 2070 1456 2114 agnorant

219 2114 511 2154 cartaginensibus
534 2114 586 2147 K.
620 2119 711 2146 terra
735 2116 914 2147 tarentinis
937 2116 988 2146 hic
1008 2116 1056 2148 ed.
1077 2115 1208 2148 Mediol.
1235 2124 1319 2156 1505
1339 2115 1442 2166 (iam
1449 2132 1452 2137 ‹

219 2162 311 2189 terra
327 2157 577 2198 Edd.pler1que
590 2158 743 2200 praebent
762 2170 839 2190 cum
859 2159 946 2198 dett,
970 2170 1118 2200 quorum
1139 2159 1217 2200 altq.
1239 2160 1323 2191 mari
1344 2169 1401 2191 om
1436 2173 1457 2200 ,j
1511 2149 1515 2164 ⁵

219 2206 310 2233 terra
328 2206 406 2242 post
427 2201 592 2233 Romanis
610 2203 706 2243 ponit
721 2201 773 2242 6⁴,
798 2213 855 2243 quz
876 2207 907 2234 et
926 2182 1106 2235 tarentinis
1121 2206 1198 2244 post
1217 2203 1407 2235 uictorib.1

219 2245 397 2277 tarentinis
415 2245 488 2286 (sed
498 2249 573 2286 post
587 2246 684 2286 mari)
702 2245 753 2276 Α5
768 2247 850 2277 Lov.
869 2256 910 2286 3:
935 2251 1036 2287 terra,
1054 2247 1151 2278 uictis
1162 2246 1200 2286 J.
1216 2246 1352 2278 Κυιέαῖα

262 2295 316 2329 40
344 2299 358 2319 1
385 2288 566 2329 Syracusis
586 2289 660 2320 dett.
684 2299 786 2327 unus,
809 2289 908 2322 Gron.
927 2301 935 2322 ε
959 2300 1143 2330 syracusus
1158 2289 1209 2322 P:
1233 2298 1441 2330 syracusanu
1508 2295 1512 2336 J

219 2333 438 2372 syracusanis
460 2335 584 2374 (-aous-
600 2333 649 2370 B)
669 2332 875 2371 BDAJald.
902 2333 999 2366 Frob.
1020 2344 1048 2367 1.
1073 2345 1112 2367 2:
1136 2343 1360 2375 syracusanas
1383 2332 1458 2375 (si'
1508 2340 1511 2354 ·

221 2376 250 2407 C
253 2376 308 2406 ⁴M
312 2375 364 2406 ³K
388 2379 419 2406 et
435 2375 534 2408 Gron.
553 2379 591 2407 ut
604 2376 668 2408 lect.
685 2376 834 2414 alteram,
852 2387 918 2408 non
937 2378 1023 2409 male
1200 2388 1220 2409 2
1242 2388 1263 2410 a
1277 2377 1395 2410 Carth
1428 2376 1461 2411 Ὶ’ῑῇ
1507 2388 1509 2396 ⁴

219 2419 304 2450 sium
332 2419 476 2461 (-inens-
494 2419 640 2459 BEdd.)
666 2420 778 2452 noald.
801 2421 893 2453 Frob.
922 2431 951 2452 1.
975 2432 1005 2462 2,
1029 2421 1089 2452 sed
1107 2421 1270 2453 malimus
1287 2431 1363 2453 cum

219 2462 561 2502 Carthaginiensibus
576 2463 716 2504 scribere,
739 2463 935 2496 Genetiuum
951 2475 990 2496 ex
1003 2468 1019 2505 §
1033 2475 1054 2506 3
1063 2468 1318 2507 praesumptum
1329 2473 1397 2498 esst
1431 2482 1434 2487 s
1448 2468 1450 2471 ⁴

219 2516 271 2546 24.
287 2516 319 2545 3.
335 2517 356 2547 3
371 2510 403 2538 et
417 2517 470 2547 29·
488 2515 519 2547 5.
538 2509 560 2538 6
575 2507 679 2539 adnn.
1455 2510 1458 2511 ⁷
