1546 2756
153 145 292 184 XXVI
314 155 369 193 30
391 161 432 182 10
747 145 865 182 ΤΙΤΙ
897 144 1015 182 LIVI

223 268 336 295 orare
361 268 404 294 se
432 262 561 306 patres
592 253 838 305 conscriptos
866 261 922 302 ut,
942 252 975 292 si
1002 260 1208 304 nequeant
1234 254 1381 303 omnia,
1405 255 1502 294 salt

224 333 327 371 quae
374 328 629 371 compareant
667 318 935 371 cognoscique
973 319 1128 369 possint
1175 318 1327 358 restitui
1370 318 1498 359 domi=

167 400 202 422 11
224 385 398 425 iubeant.
499 385 613 424 Talia
632 393 873 436 conquestos
892 398 984 424 cum
1000 385 1193 424 excedere
1207 398 1256 424 ex
1275 385 1425 435 templo
1439 392 1484 424 ut
1501 381 1506 436 ’Υ

166 469 203 492 12
223 451 432 503 postulatis
453 465 590 490 eorum
610 458 738 502 patres
759 450 914 490 consuli
942 457 1108 501 possent
1128 449 1331 490 Laeuinus
1354 449 1507 490 iussiss

227 519 444 557 ‘Maneant
471 516 618 556 immo'
645 516 774 567 inquit
803 517 1031 562 Marcellus,
1061 517 1129 554 ‘ut
1154 528 1290 555 coram
1314 514 1361 555 iis
1386 519 1501 568 resp‘

224 584 353 631 deam,
382 584 545 633 quando
571 596 619 622 ea
643 581 882 622 condicione
906 595 980 632 pro
1005 580 1134 630 uobis,
1163 588 1295 632 patres
1319 580 1498 626 conseri
1540 613 1542 616 .

224 648 330 687 bella
352 647 523 698 gerimus
546 655 589 686 ut
614 647 741 686 uictos
768 646 887 686 armis
911 654 1164 687 accusatores
1190 646 1411 687 habeamus
1430 648 1458 687 d
1496 653 1497 656 ’

223 712 339 766 (que)
357 720 496 764 captae
517 714 593 752 hoc
612 725 720 752 anno
739 712 858 752 urbes
875 712 1018 763 Capua
1032 711 1222 753 Fuluium
1240 725 1365 762 reum,
1382 714 1454 752 Ma
1539 719 1541 746 ἴ

225 780 306 818 lum
324 781 538 829 Syracusae
558 779 756 818 habeant.'

160 853 206 892 31
280 844 472 884 Reductis
493 844 533 882 in
553 844 702 883 curiam
721 843 859 895 legatis
877 851 964 884 tum
984 846 1126 884 consul
1145 847 1156 866 ‘
1172 846 1268 885 Non
1290 845 1395 885 adeo
1413 844 1493 885 mai
1536 845 1539 855 ¹

226 909 315 949 tatis
332 912 340 929 '
355 910 483 962 inquit
507 909 665 961 ‘populi
685 909 859 949 Romani
879 909 1115 962 imperiique
1136 909 1255 950 huius
1278 909 1427 951 oblitus
1445 923 1464 950 s
1490 931 1494 946 ι

226 984 355 1026 patres
376 977 599 1026 conscripti,
614 982 669 1022 ut,
691 977 722 1014 si
742 977 794 1015 de
814 989 906 1015 meo
926 976 1092 1016 crimine
1109 975 1387 1028 ambigeretur,
1407 989 1458 1016 co
1493 981 1496 1008 ἰ
1533 1021 1536 1033 Δ

189 1057 205 1079 2
225 1041 401 1080 dicturus
421 1055 580 1080 causam
600 1041 878 1080 accusantibus
893 1042 1056 1082 Graecis
1070 1040 1213 1081 fuerim
1228 1057 1240 1092 ς
1268 1043 1339 1082 sed
1355 1055 1438 1082 non
1453 1035 1497 1094 q?

226 1121 301 1158 ego
317 1107 475 1146 fecerim
493 1107 532 1145 in
549 1106 870 1158 disquisitionem
886 1109 1009 1154 uenit,
1026 1121 1147 1159 quem
1160 1106 1358 1159 quidquid
1373 1106 1416 1147 in
1430 1109 1477 1147 h·
1495 1155 1497 1157 Ι
1532 1102 1535 1116 ³

227 1172 301 1212 bus
322 1172 396 1212 feci
416 1173 476 1211 ius
496 1171 590 1211 belli
610 1172 801 1220 defendit,
818 1173 891 1212 sed
907 1172 1004 1223 quid
1020 1172 1083 1212 isti
1099 1172 1181 1224 pati
1195 1171 1419 1212 debuerint.

226 1237 259 1277 si
285 1252 366 1278 non
391 1239 548 1277 fuerunt
575 1240 721 1287 hostes,
747 1238 845 1277 nihil
872 1238 1034 1278 interest
1060 1252 1168 1278 nunc
1187 1252 1241 1278 an
1258 1237 1356 1279 uiuo
1372 1237 1445 1278 Hi·

189 1316 206 1347 3
226 1305 436 1353 Syracusas
457 1303 687 1343 uiolauerim
704 1318 716 1352 3
744 1304 804 1342 sin
824 1312 957 1343 autem
977 1303 1233 1344 desciuerunt
1253 1319 1278 1345 a
1300 1305 1452 1356 populo
1528 1294 1532 1306 ’

226 1382 358 1417 mano,
379 1368 411 1408 si
430 1370 579 1420 legatos
600 1376 755 1408 nostros
782 1370 883 1409 ferro
902 1376 1022 1420 atque
1042 1369 1160 1409 armis
1179 1368 1388 1420 petierunt,
1409 1383 1489 1411 ωε,
1528 1415 1531 1418 Α

273 1445 313 1465 10
336 1439 553 1475 compareant
575 1434 625 1474 Sp
652 1434 746 1465 Frob.
769 1445 796 1466 1.
822 1445 863 1464 2:
896 1438 1094 1475 comparent
1119 1433 1286 1466 wAldus:
1317 1433 1479 1476 compari.

228 1478 362 1518 (-periri
373 1479 441 1517 K)·.
460 1489 657 1517 comparere
672 1477 844 1509 Edd.c1nte
854 1477 932 1509 Ald.
1048 1488 1084 1509 11
1111 1488 1156 1509 ex
1167 1478 1297 1519 templo
1310 1478 1415 1518 (-tim-

230 1521 358 1554 weald.
375 1534 383 1553 ε
407 1526 442 1552 et
458 1522 584 1561 templo
602 1521 650 1552 P:
675 1522 802 1561 templo
819 1521 914 1553 Frob.
933 1532 952 1551 2
1070 1531 1109 1552 12
1137 1521 1240 1554 immo
1255 1520 1306 1563 Sp
1320 1521 1414 1554 Frob.
1432 1530 1454 1552 2
1472 1525 1484 1561 ξ

228 1570 386 1596 maneant
402 1566 464 1597 hicn
480 1576 487 1596 ε
512 1576 577 1596 om.
600 1565 714 1596 neald.
885 1567 1040 1605 duaeque
1057 1565 1261 1606 scripsimus,
1281 1576 1327 1606 -q.
1343 1569 1420 1597 ante
1433 1575 1478 1597 c—·

227 1608 337 1640 ditum
360 1613 390 1639 et
411 1608 610 1649 particulam
635 1619 716 1649 -que
739 1609 881 1650 exempli
900 1608 1047 1640 addendi
1067 1610 1139 1639 uim
1161 1609 1315 1640 habuisse
1337 1609 1404 1640 rati
1425 1609 1438 1650 (
1524 1604 1526 1611 ’

231 1652 322 1683 ‘and
341 1652 374 1683 in
394 1652 602 1693 partz'cular’‚
627 1653 736 1684 Germ.
765 1652 856 1683 ‘und
874 1653 1010 1691 zwar'),
1034 1654 1073 1693 cf.
1094 1663 1157 1694 eg.
1179 1664 1204 1685 c.
1222 1663 1272 1693 19.
1294 1663 1312 1693 7
1333 1651 1482 1686 rettulit
1522 1690 1525 1693 Α

228 1697 314 1727 duae
333 1697 390 1735 Πθ,
409 1696 447 1736 ‘f-
465 1707 488 1729 c.
504 1706 555 1729 11.
572 1707 611 1728 12
628 1697 705 1728 adn.
729 1697 770 1735 (c)
785 1708 793 1728 ε
819 1701 853 1727 et
869 1697 958 1727 duae
978 1696 1104 1739 Ussing
1522 1694 1526 1720 ἕ

273 1746 313 1779 31
340 1751 354 1771 r
383 1740 547 1772 Reductis
563 1739 773 1779 A⁶J2K.ald.
790 1740 885 1771 Frob.
906 1751 933 1773 1.
952 1751 995 1772 2:
1019 1741 1150 1772 eductis
1168 1740 1225 1780 Π]
1237 1739 1319 1772 Lov.
1335 1749 1363 1773 1.
1381 1750 1413 1773 2.
1429 1750 1459 1781 3.
1476 1743 1482 1758 ⁸
1521 1739 1524 1754 '

293 1785 445 1814 dicturus
461 1784 602 1816 M⁷Oc1ld.
622 1784 715 1816 Frob.
734 1794 760 1816 1.
779 1795 821 1816 2:
845 1785 1041 1815 deuicturus
1063 1785 1089 1817 Π
1223 1794 1244 1815 2
1268 1795 1366 1824 quem
1383 1784 1483 1824 quid·
1521 1784 1523 1787 ’

231 1827 303 1867 (sed
315 1827 442 1867 quicq-)
461 1828 494 1858 in
513 1829 664 1859 hostibus
684 1828 748 1859 feci
767 1829 818 1859 ius
835 1829 913 1859 beni
930 1829 1079 1859 defendit
1096 1827 1229 1870 (uendi
1247 1826 1322 1869 sp:
1345 1828 1410 1860 —dit
1424 1827 1459 1860 R
1484 1830 1486 1836 ¹
1520 1823 1523 1831 '

227 1871 289 1901 sed
302 1872 380 1910 quid
394 1871 443 1911 Sp
453 1871 546 1903 Frob.
567 1882 606 1902 2:
630 1873 690 1902 sed
707 1873 786 1911 quid
803 1875 820 1903 θ
836 1874 918 1904 Lov.
933 1883 964 1912 3.
982 1883 1001 1912 5
1019 1872 1085 1905 ald.
1104 1884 1112 1904 :
1135 1883 1211 1904 nam
1231 1871 1392 1913 quidquid
1410 1872 1436 1905 Π
1454 1870 1485 1915 (
1519 1868 1523 1881 ’

222 1919 285 1954 pro
300 1925 399 1954 quem
406 1915 487 1955 fort.
507 1919 626 1945 rectum
642 1926 708 1946 esse
722 1917 909 1957 suspicatur
918 1916 1104 1956 Johnson),
1118 1915 1239 1948 xxxvii
1250 1916 1363 1949 litter-123
1376 1915 1417 1948 ob
1431 1933 1443 1940 -
1453 1932 1459 1942 ·
1520 1912 1521 1923 ’

227 1958 321 1997 —quid
342 1958 403 1999 (tle.
421 1958 564 1998 iiliueis)
583 1959 759 1999 deperditis,
776 1961 818 2000 cf.
836 1971 860 1992 c.
877 1971 930 2000 51.
948 1962 968 1991 8
989 1961 1066 1993 adn.
1084 1972 1092 1992 ι
1114 1971 1214 2001 quarn
1236 1961 1316 2002 quid
1338 1959 1470 2002 Gran„>
1518 1958 1521 1997 ζ

227 2001 324 2033 hante
337 2002 416 2033 olim
431 2001 546 2033 Madv.
564 2002 642 2033 Em.
654 2007 689 2043 p.
709 2005 772 2042 383
789 2005 850 2044 qui
860 2010 963 2046 supra
978 2010 1047 2036 tam
1060 2009 1136 2045 post
1149 2005 1209 2036 sed
1226 2015 1294 2036 non
1309 2003 1387 2036 add.
1472 2015 1473 2018 ¹

229 2045 282 2076 isti
307 2046 392 2088 pati]
416 2046 476 2077 hoc
486 2046 558 2085 fere
577 2057 617 2076 ex
637 2046 702 2077 loco
727 2048 909 2088 ‘ingentem
929 2049 1055 2080 saltum
1066 2049 1147 2088 fecit
1166 2048 1340 2080 libram‘us’
1353 2046 1478 2081 coda‘eis
1516 2079 1520 2087 ,

229 2099 329 2129 neque
354 2094 430 2120 ante
455 2100 479 2122 c.
507 2100 558 2128 41.
591 2091 629 2120 18
659 2092 912 2132 (auspiciisque)
943 2103 1061 2124 rursus
1088 2092 1232 2124 lectiones
1258 2092 1335 2124 citat
1358 2091 1475 2127 leu
1515 2096 1519 2133 Ι

229 2132 336 2172 Praef
355 2136 371 2172 5
390 2134 432 2164 88
605 2144 694 2165 nunc
709 2145 752 2165 an
769 2135 904 2167 A⁷eald.
923 2136 1016 2168 Frob.
1035 2146 1061 2168 1.
1081 2147 1123 2168 2:
1148 2146 1238 2167 nunc
1254 2146 1274 2167 a
1289 2135 1352 2168 72¹²:
1377 2145 1477 2173 nun,

229 2187 317 2207 nunc
332 2176 361 2207 C
510 2186 531 2216 3
555 2187 575 2208 a
591 2179 713 2218 populo
732 2179 897 2219 Romano,
917 2181 944 2210 si
961 2179 1076 2211 Madv.
1095 2180 1181 2221 (iam
1197 2190 1217 2211 a
1232 2189 1263 2220 p.
1283 2179 1328 2211 R.
1343 2178 1447 2210 Fabri
1463 2185 1471 2222 ,ᾗ
1514 2174 1518 2195 ¹

229 2230 260 2259 p.
280 2219 322 2251 R.
342 2230 381 2251 ac
400 2220 618 2262 Alschefski):
645 2233 710 2254 om.
730 2223 869 2255 Axeald.
889 2223 981 2255 Frob.
1004 2233 1031 2255 1.
1053 2234 1094 2256 2:
1118 2228 1234 2264 portas
1252 2222 1308 2254 1³2
1331 2223 1393 2264 (an
1413 2221 1467 2256 P?

230 2263 432 2295 CRMBDA
449 2277 455 2297 :
475 2266 603 2305 portasi
618 2265 671 2308 (ut
685 2266 769 2306 uid.)
783 2267 824 2306 P,
840 2267 926 2297 unde
941 2267 1068 2298 coniecit
1082 2267 1118 2310 (a
1132 2267 1239 2306 nobis,
1254 2266 1409 2298 hostibus
1421 2274 1465 2301 nv}
1513 2272 1515 2303 j

228 2307 451 2350 aperuerunt)
474 2315 589 2348 portas
611 2310 783 2350 Boettcher,
808 2310 841 2353 (a
865 2322 896 2351 p.
923 2311 976 2351 R.‚
1003 2311 1158 2342 hostibus
1180 2309 1407 2352 aperuerunt)
1438 2325 1464 2337 ι’

234 2350 415 2392 Ψειέεεηὸ.,
441 2364 583 2393 quorum
607 2355 753 2395 uestigiis
774 2355 925 2386 insistens
945 2355 980 2398 <a
994 2365 1027 2395 p.
1047 2355 1103 2395 R.‚
1121 2355 1169 2395 p-i
1192 2355 1251 2386 R-i
1273 2354 1428 2385 hostibus
1454 2361 1456 2363 ’

229 2395 368 2439 uerunt)
386 2402 502 2436 portas
524 2399 590 2440 ipse
610 2402 846 2441 temptaueram
868 2409 944 2430 cum
965 2398 1085 2430 credere
1105 2398 1239 2430 mallem
1257 2397 1386 2440 aliquid
1431 2414 1452 2421 κ»
1511 2395 1514 2428 i

229 2448 334 2478 quam
353 2440 387 2471 in
406 2441 496 2474 codd.
520 2443 567 2472 1v‘
589 2442 641 2473 uel
660 2438 696 2472 vi
715 2442 839 2473 saeculi
856 2453 876 2473 a
897 2453 982 2482 pos.
1002 2442 1031 2474 si
1051 2443 1086 2474 in
1107 2443 1233 2483 portas-i
1253 2451 1321 2473 esse

231 2482 344 2513 Monet
357 2487 467 2515 tamen
479 2484 636 2523 Johnson
652 2485 798 2517 hostium
818 2486 1015 2517 mentionem
1031 2486 1083 2517 hic
1096 2486 1155 2517 uix
1168 2484 1347 2517 desiderari
1357 2488 1388 2517 et
1399 2495 1416 2517 e
1432 2503 1455 2513 -
1511 2511 1512 2515 ,

234 2526 243 2544 ‘
254 2526 496 2558 architectonici'
512 2528 601 2559 illius
615 2529 719 2560 studii
731 2540 797 2560 non
812 2529 916 2560 deesse
931 2529 965 2560 in
980 2529 1137 2568 Puteano,
1153 2529 1190 2570 cf.
1205 2539 1265 2570 e.g.
1276 2537 1327 2567 27.
1340 2537 1392 2568 31.
1410 2536 1426 2559 1
1448 2528 1460 2543 ⁵
1509 2522 1512 2544 ³

231 2569 298 2600 bali
315 2575 413 2609 pacto
427 2576 486 2611 pro
505 2571 679 2612 Naupacto
697 2576 726 2603 et
740 2582 773 2604 u.
793 2572 839 2603 sis
854 2583 905 2605 22.
920 2583 972 2612 41.
993 2583 1009 2613 7
1025 2583 1033 2612 ;
1058 2582 1109 2612 27.
1129 2582 1182 2603 20.
1200 2573 1221 2604 8
1237 2571 1340 2604 adnn.
