1546 2756
407 169 481 206 AB
509 168 663 206 VRBE
693 166 956 206 CONDITA
1129 165 1271 204 XXVI
1295 165 1343 204 16
1363 180 1380 203 2

46 268 149 324 {fae
160 293 232 318 sua
244 291 365 317 manu
378 277 641 326 interfectum,
655 277 726 316 sed
741 277 840 316 dum
854 275 958 315 inter
969 282 1121 315 ceteros
1137 276 1189 314 ad
1204 276 1340 327 palum

16 344 19 355 '
51 333 73 376 s
87 344 220 396 ‘gatur,
242 343 337 394 quia
363 356 502 394 parum
522 342 625 381 inter
646 340 832 392 strepitus
853 340 1029 380 exaudiri
1054 348 1218 392 possent
1237 354 1341 392 quae

16 399 36 463 {¹
95 411 296 450 iferaretur
315 407 515 447 silentium
536 406 620 446 fieri
636 408 824 446 Flaccum
839 406 999 446 iussisse
1041 414 1128 446 tum
1144 409 1341 446 Tauream
1361 413 1380 444 3

56 500 66 519 5
101 488 206 526 quae
223 481 318 513 ante
337 480 557 512 memorata
575 480 668 511 sunt
685 471 846 522 dixisse,
863 471 994 511 uirum
1018 485 1060 511 se
1083 471 1341 511 fortissimum

20 547 60 589 ἧς
87 553 342 591 nequaquam
361 537 444 589 pari
458 539 512 576 ad
525 537 711 576 uirtutem
725 537 856 577 occidi
868 551 880 586 3
908 537 983 576 sub
999 538 1098 576 haec
1112 537 1220 576 dicta
1233 537 1343 576 iussu

21 593 266 654 »consulis
285 616 525 654 praeconem
544 602 599 641 ita
617 602 895 653 pronuntiasse
911 617 920 642 :
953 605 963 624 ‘
975 601 1119 649 Lictor,
1140 602 1227 641 uiro
1252 601 1343 642 forti

23 658 124 719 *Fide
146 669 276 720 uirgas
301 676 341 708 et
367 668 408 706 in
428 681 521 707 eum
539 667 711 719 primum
731 669 818 719 lege
835 668 936 719 age.'
993 669 1161 707 Lectum
1182 681 1344 719 quoque
1362 676 1383 705 4

98 742 178 774 tus
197 735 425 774 consultum
443 735 675 784 priusquam
694 732 822 772 securi
840 734 970 773 feriret
985 733 1147 784 quidam
1162 740 1343 772 auctores

30 790 123 850 vsut,
150 800 223 840 sed
247 799 342 851 quia
367 798 614 850 adscriptum
640 798 682 837 in
707 806 867 838 senatus
892 800 1077 838 consulto
1103 799 1218 837 fuerit
1246 799 1278 837 si
1306 798 1344 838 ei

27 873 220 912 ,ωτεῐιιτ
244 865 438 916 integram
465 878 549 904 rem
574 865 626 904 ad
645 872 829 904 senatum
849 863 1023 911 reiceret,
1045 863 1344 915 interpretatum

134 931 232 982 quid
260 932 384 982 magis
414 943 437 969 e
465 943 508 970 re
535 929 698 982 publica
723 931 888 970 duceret
919 929 1238 970 aestimationem
1268 929 1344 969 sibi

39 988 50 1043 3²
90 997 261 1037 missam.

119 1075 256 1114 puam
283 1076 308 1102 a
337 1061 501 1102 Calibus
527 1060 700 1101 reditum
725 1068 796 1110 est,
823 1062 1034 1112 Atellaque
1060 1068 1099 1100 et
1125 1060 1279 1102 Calatia
1303 1060 1344 1100 in
1365 1069 1383 1102 5

33 1134 41 1161 t
75 1127 267 1167 itionem
286 1135 474 1178 acceptae
487 1142 499 1177 3
527 1127 583 1166 ibi
609 1140 772 1178 quoque
797 1126 838 1165 in
865 1140 946 1174 eos,
972 1126 1042 1178 qui
1067 1126 1197 1178 capita
1215 1140 1344 1166 rerum

98 1200 145 1243 t,
163 1194 498 1233 animaduersum.
549 1194 611 1232 Ita
629 1193 682 1231 ad
702 1193 949 1243 septuaginta
968 1191 1165 1243 principes
1186 1199 1345 1231 senatus
1365 1197 1384 1230 6

36 1247 97 1312 hs}-
139 1258 227 1307 ceti,
249 1258 415 1298 trecenti
433 1260 558 1297 ferme
576 1257 733 1297 nobiles
754 1257 951 1308 Campani
970 1257 1012 1296 in
1031 1271 1228 1296 carcerem
1254 1270 1346 1297 con-

37 1345 84 1378 .·‡·
121 1323 188 1364 alii
202 1337 272 1375 per
286 1324 487 1363 sociorum
503 1323 636 1363 Latini
651 1322 825 1362 nominis
839 1323 958 1362 urbes
974 1324 1014 1361 in
1029 1324 1230 1362 custodias
1251 1322 1344 1371 dati,

37 1375 119 1400 '¹'
158 1390 316 1430 casibus
330 1389 587 1430 interierunt:
615 1388 831 1429 multitudo
853 1388 929 1428 alia
952 1388 1101 1428 ciuium
1125 1389 1348 1441 Campano-

40 1443 46 1459 ’
75 1454 102 1504 ¹3·
129 1467 278 1495 uenum
291 1456 395 1494 data.
429 1456 493 1494 De
511 1454 611 1494 urbe
629 1467 804 1505 agroque
823 1454 973 1504 reliqua
997 1452 1235 1493 consultatio
1261 1453 1344 1502 fuit,
1368 1459 1385 1496 7

43 1513 54 1523 ”
89 1521 264 1560 ὀυεᾱειῐῐι
289 1521 503 1560 delendam
530 1519 785 1559 censentibus
809 1520 948 1559 urbem
975 1519 1243 1570 praeualidam
1262 1532 1348 1570 pro-

78 1634 79 1637 ¹
98 1579 215 1624 &uam
234 1584 447 1624 inimicam.
506 1586 695 1626 Ceterum
722 1598 907 1636 praesens
935 1584 1080 1623 utilitas
1106 1583 1226 1633 uicit3
1254 1597 1348 1623 nam

46 1633 184 1695 e‚ister
204 1660 353 1699 agrum,
375 1661 498 1699 quem
524 1647 635 1687 omni
655 1647 853 1686 fertilitate
872 1654 996 1687 terrae
1022 1646 1115 1686 satis
1141 1646 1349 1686 constabat

48 1715 71 1740 Γ
98 1718 197 1752 ‘num
229 1711 270 1752 in
305 1712 420 1752 Italia
453 1726 550 1762 esse,
585 1712 679 1752 urbs
714 1719 868 1752 seruata
900 1719 960 1752 est
997 1719 1041 1751 ut
1078 1719 1180 1752 esset
1217 1711 1349 1763 aliqua

77 1767 223 1829 'jurum
248 1779 376 1818 sedes.
431 1778 531 1818 Vrbi
557 1779 870 1829 frequentandae
896 1777 1110 1817 multitudo
1130 1777 1349 1817 incolarum
1368 1783 1386 1814 8

144 1845 380 1894 inorumque
412 1851 451 1883 et
484 1843 708 1883 institorum
741 1843 1015 1894 opificumque
1047 1851 1222 1883 retenta:
1259 1856 1350 1894 ager

75 1903 116 1943 ³·
129 1909 137 1918 ”
190 1917 231 1950 et
263 1917 367 1949 tecta
398 1909 559 1961 publica
591 1908 729 1960 populi
767 1909 942 1949 Romani
980 1910 1092 1948 facta.
1163 1910 1350 1950 Ceterum
1369 1919 1389 1952 9

1 2042 4 2046 ,
66 2038 82 2050 χ
116 2007 196 2040 dum
211 2031 221 2041 .
239 2032 247 2040 .
270 2031 279 2041 .
298 2008 466 2047 deligatur
489 2008 584 2040 Frob.
602 2018 622 2038 2
648 2007 702 2049 (de
720 2012 789 2039 -tur
807 2011 838 2039 et
856 2012 925 2039 -tus
947 2007 1091 2049 confusis
1109 2008 1146 2048 cf
1169 2017 1221 2048 27.
1242 2018 1291 2039 21.
1313 2017 1350 2048 53

131 2070 156 2085 ·.
171 2062 195 2093 9
208 2051 312 2084 adun.
329 2054 359 2083 et
370 2051 410 2082 de
425 2057 573 2093 cumpro
585 2052 664 2082 dum
674 2052 710 2091 qfi
729 2062 779 2090 24.
799 2061 845 2091 17.
862 2061 875 2082 1
890 2050 969 2083 adn.
988 2056 1019 2083 et
1035 2051 1129 2090 <dum
1141 2056 1203 2095 pro
1214 2051 1305 2092 cum)
1322 2061 1349 2084 1.

124 2094 163 2139 ):
184 2106 259 2127 cum
278 2119 287 2128 .
305 2119 314 2127 .
334 2119 343 2127 .
361 2096 531 2135 deligatus
551 2095 652 2136 (-leg-
668 2094 718 2136 D)
738 2095 786 2127 Πθ
803 2095 920 2137 (supra
937 2096 1015 2136 quia
1030 2094 1156 2136 scripsit
1178 2094 1198 2136 Ἰ
1210 2095 1253 2135 J)
1269 2094 1349 2136 ald„

59 2167 86 2183 ,Ἰ
110 2176 114 2177 ¹
145 2139 234 2179 (eum
262 2142 394 2180 retento)
422 2140 501 2171 coni.
531 2138 700 2178 deligatus
727 2138 903 2179 quiritaret
931 2139 1115 2178 Weissenb„
1146 2139 1354 2179 deligaretur

4 2188 6 2197 ¹
63 2187 84 2226 ἰζ’
98 2188 111 2222 ,ζ
133 2200 137 2206 ·
160 2186 181 2224 t,
205 2183 372 2223 deligatus
393 2184 559 2223 quaedam
581 2183 826 2214 uociferaretur
849 2183 1033 2224 Alschqfiski
1053 2183 1128 2224 (qui
1149 2182 1239 2222 infra
1262 2192 1354 2214 uoces

2 2230 14 2242 '⁸
61 2230 129 2303 ,ἐζ
137 2226 340 2258 uociferatur
353 2226 478 2266 omisit)
594 2226 839 2258 uociferaretur
854 2226 1014 2258 Harant:
1030 2227 1238 2258 uociseratur
1253 2225 1355 2258 wAl?

66 2304 87 2342 4³
100 2354 102 2356 ¹
142 2323 173 2346 ,ε
195 2292 424 2346 uociferantur
439 2313 541 2345 BDA
610 2293 618 2301 ·
686 2323 704 2354 5
729 2323 840 2344 rerum
857 2313 959 2346 πΑΊΡ
973 2313 1108 2346 Aldus:
1132 2314 1181 2345 rei
1195 2314 1252 2345 Αθ
1266 2312 1353 2346 Edd.

72 2318 121 2398 ξ]
147 2355 206 2389 ld.
335 2359 357 2388 6
380 2358 543 2397 Campani
563 2357 630 2389 no:
654 2356 821 2397 Campani
837 2357 893 2388 alii
910 2356 1058 2396 Harant,
1067 2358 1203 2396 frustra

86 2398 149 2448 ‘vu
184 2400 297 2432 atibus
314 2399 495 2432 C⁴M1A0·
487 2425 495 2432 .
518 2401 734 2431 sescentibus
750 2400 762 2439 (
765 2410 855 2432 susc·
873 2400 955 2442 BD)
970 2413 1008 2440 π,
1028 2401 1116 2433 unde
1129 2401 1354 2434 sciscentibus

157 2441 342 2475 dubitanter
469 2445 490 2475 8
513 2453 595 2484 ager
609 2442 766 2475 P262M1
785 2444 838 2475 uel
849 2443 1034 2475 M⁸BDA0
1049 2456 1056 2476 :
1079 2454 1182 2484 aeger
1195 2457 1225 2479 π
