1546 2756
222 540 296 565 nec
322 524 508 565 deductis
532 522 738 575 praesidiis
764 521 849 573 spei
878 521 1046 560 liberam
1074 520 1142 559 uel
1168 518 1385 559 obnoxiam
1413 518 1443 558 ti
1469 536 1487 556 r:

184 602 202 633 3
222 593 420 631 sociorum
439 589 662 640 relinquere
681 589 815 628 fidem.
848 589 1044 637 Praeceps
1064 584 1106 624 in
1126 584 1331 624 auaritiam
1351 592 1390 624 et
1410 598 1478 624 cru

221 657 371 697 litatem
390 658 547 696 animus
567 656 620 694 ad
638 654 847 705 spolianda
867 665 972 703 quae
990 650 1092 691 tueri
1110 649 1313 701 nequibat,
1331 657 1376 689 ut
1393 663 1464 690 uas
1474 669 1491 682 κ
1537 658 1539 661 ’

181 734 203 765 4
221 722 327 762 hosti
345 722 669 772 relinquerentur,
692 718 908 759 inclinauit.
969 718 1020 756 Id
1038 717 1204 756 foedum
1223 715 1435 756 consilium
1453 729 1492 756 c
1536 758 1538 763 Α

222 789 383 839 incepto
402 794 487 826 tum
507 786 626 825 etiam
646 784 753 824 exitu
772 784 857 823 suit.
917 784 1063 833 Neque
1083 781 1191 821 enirn
1218 781 1383 833 indigna
1399 794 1451 832 pa
1470 778 1479 789 “
1534 825 1538 836 ἑ

224 854 323 892 tium
369 853 494 891 modo
523 849 850 890 abalienabantur
879 847 1014 895 animi,
1047 848 1119 887 sed
1149 854 1373 887 ceterorum
1403 845 1492 891 et*

186 928 204 961 5
224 917 371 969 quippe
390 918 442 956 ad
461 918 594 968 plures
613 916 840 966 exemplum
859 917 883 954 †
895 927 1017 965 quam
1030 916 1054 954 †
1080 911 1306 964 pertinebat
1319 926 1333 962 3
1357 924 1435 952 nec
1479 906 1488 945 ἕ
1534 953 1537 963 ¹

224 984 286 1022 sul
316 984 524 1021 Romanus
552 979 796 1033 temptandis
823 978 990 1019 urbibus
1021 977 1190 1018 sicunde
1222 991 1313 1030 spes
1345 976 1481 1030 aliqua
1534 990 1536 994 ’

223 1047 462 1087 ostendisset
481 1048 627 1086 deerat.
1486 1035 1488 1038 ’

183 1116 206 1150 6
279 1112 458 1164 Salapiae
477 1111 675 1164 principes
689 1119 801 1151 erant
816 1110 965 1151 Dasius
979 1117 1019 1151 et
1035 1109 1217 1158 Blattius,
1235 1110 1381 1149 Dasius
1397 1110 1455 1149 H
1484 1111 1488 1118 “
1531 1103 1534 1166 ἱ

223 1179 305 1220 bali
325 1178 475 1218 amicus
491 1192 502 1226 3
533 1179 700 1217 Blattius
721 1185 915 1229 quantum
941 1191 989 1216 ex
1013 1183 1104 1216 tuto
1126 1182 1283 1228 poterat
1300 1188 1385 1215 rem
1405 1176 1485 1215 Ro
1531 1170 1534 1184 ¹

225 1258 320 1284 nam
363 1244 525 1283 fouebat
563 1251 602 1283 et
641 1257 710 1294 per
746 1244 927 1282 occultos
964 1243 1127 1281 nuntios
1164 1254 1279 1293 spem
1315 1239 1490 1292 proditi

226 1311 371 1349 fecerat
391 1310 613 1358 Marcello;
640 1310 711 1348 sed
732 1308 817 1348 sine
836 1307 1018 1347 adiutore
1046 1306 1170 1347 Dasio
1196 1320 1258 1346 res
1283 1305 1444 1358 transigi
1488 1301 1493 1314 ⁵
1529 1299 1533 1313 ¹

189 1388 205 1423 7
227 1382 390 1427 poterat.
451 1376 629 1414 Multum
654 1388 702 1413 ac
727 1375 797 1414 diu
823 1380 1043 1421 cunctatus,
1065 1380 1106 1412 et
1128 1380 1215 1412 tum
1241 1385 1403 1423 quoque
1455 1413 1458 1415 ,
1479 1364 1483 1378 ²
1529 1364 1532 1371 ⁴

227 1441 363 1492 inopia
374 1440 527 1480 consilii
542 1439 706 1492 potioris
719 1453 838 1491 quarn
853 1439 924 1490 spe
936 1440 1111 1486 effectus,
1129 1437 1296 1478 Dasium
1308 1438 1464 1489 appella
1474 1431 1489 1495 ἦ·
1528 1430 1532 1445 ⁵

227 1513 268 1546 at
287 1506 363 1554 ille,
385 1519 478 1545 cum
498 1506 550 1545 ab
569 1519 611 1545 re
629 1519 804 1554 auersus,
825 1512 911 1544 tum
932 1505 1092 1544 aemulo
1110 1510 1338 1555 potentatus
1356 1497 1482 1542 inim'
1527 1507 1532 1555 {

191 1582 210 1612 8
227 1585 312 1612 rem
328 1570 550 1610 Hannibali
564 1571 701 1622 aperit.
750 1570 952 1610 Arcessito
967 1577 1138 1621 utroque
1154 1568 1362 1608 Hannibal
1375 1581 1469 1608 cum
1480 1619 1485 1623 ι

229 1636 416 1677 tribunali
432 1637 629 1687 quaedam
644 1643 777 1687 ageret
797 1649 891 1675 mox
905 1637 957 1676 de
974 1637 1122 1675 Blattio
1136 1634 1376 1687 cogniturus,
1395 1641 1454 1674 sta
1528 1640 1529 1647 ¹

230 1716 311 1754 que
334 1710 535 1741 summoto
558 1704 710 1753 populo
734 1710 941 1741 accusator
965 1708 1005 1741 et
1032 1715 1133 1750 reus,
1157 1700 1326 1741 Blattius
1349 1701 1403 1740 de
1437 1718 1447 1734 ·
1479 1724 1484 1743 2
1528 1698 1530 1703 ’

190 1785 212 1818 9
232 1767 342 1808 tione
358 1768 526 1806 Dasium
540 1769 723 1819 appellat.
774 1766 992 1807 Enimuero
1005 1767 1083 1817 ille,
1101 1767 1211 1807 uelut
1224 1765 1267 1806 in
1282 1765 1449 1807 manifes
1459 1759 1489 1821 v]

276 1865 324 1907 38
347 1877 367 1906 4
391 1876 491 1906 quam
513 1865 568 1905 Π]
578 1876 586 1896 :
610 1876 677 1898 om.
696 1865 750 1898 K:
775 1876 874 1906 quam
892 1866 1064 1898 calamitas
1079 1865 1146 1897 ald.
1164 1865 1261 1897 Frob.
1279 1875 1307 1897 1.
1326 1875 1347 1896 2
1367 1873 1451 1906 quos
1526 1901 1527 1906 ¹

232 1910 329 1942 malit
345 1909 524 1949 Johnson:
546 1909 612 1950 spse
634 1910 757 1941 lineam
781 1911 948 1941 amissam
971 1913 1066 1941 ratus
1090 1909 1141 1952 (cf
1165 1920 1190 1941 c.
1213 1910 1246 1943 6.
1276 1910 1317 1941 16
1337 1908 1435 1951 adn.)
1465 1915 1484 1947 ¹}
1525 1947 1527 1950 y

231 1954 424 1997 (perpessio
448 1951 633 1996 malorum)
655 1954 824 1995 temptaui.
873 1954 1055 1993 Damnum,
1077 1953 1260 1995 pernicies,
1285 1953 1409 1994 clades,
1443 1968 1450 1980 ·
1465 1973 1467 1976 -

234 1998 356 2029 malurn
373 1998 414 2028 ab
433 1998 509 2028 aliis
531 1998 621 2038 (post
641 1997 754 2037 quam)
780 1998 917 2028 coniecta
939 2001 1031 2029 sunt.
1083 1997 1239 2029 Voluerat
1257 1997 1399 2028 Walters
1441 2012 1465 2022 „

233 2041 270 2072 Κ
284 2041 384 2082 sequi.
434 2040 481 2082 Cf
498 2040 536 2071 de
550 2051 648 2080 quam
668 2041 804 2072 insiticio
824 2051 852 2080 7.
874 2051 924 2072 12.
948 2051 968 2081 5
993 2041 1084 2082 adn„
1101 2041 1160 2072 ubi
1175 2042 1206 2073 8.
1233 2042 1286 2081 36.
1304 2050 1344 2072 10
1366 2038 1442 2072 add
1472 2049 1475 2056 ·
1524 2074 1528 2082 λ

233 2087 314 2115 erat.
362 2084 424 2115 Vix
439 2088 551 2114 tamen
565 2084 711 2116 credibile
731 2084 825 2116 nobis
845 2084 979 2116 uidetur
996 2089 1035 2117 ut
1050 2085 1220 2126 glossema
1242 2084 1314 2116 sine
1335 2083 1452 2120 Subst
1473 2081 1481 2120 J

234 2127 390 2159 additum
400 2138 467 2159 esse
476 2138 575 2168 quam
722 2139 740 2168 7
765 2133 799 2160 et
818 2128 917 2170 (tum)
934 2128 1050 2161 neald.
1062 2128 1159 2160 Frob.
1179 2138 1206 2161 1.
1218 2138 1238 2159 2
1253 2139 1262 2160 t
1285 2132 1339 2159 est
1351 2125 1480 2159 Madv.
1522 2152 1526 2170 ἕ

229 2177 265 2213 p.
282 2172 357 2212 386,
375 2182 510 2202 sensum
527 2171 615 2202 uocis
631 2176 665 2202 et
681 2171 716 2202 in
731 2171 869 2203 hocloco
886 2173 1065 2214 neglegens.
1102 2172 1153 2213 Cfl
1169 2175 1282 2204 contra
1297 2168 1468 2212 Madmgm‘t
1522 2172 1526 2217 ,

235 2215 284 2246 ad
296 2225 350 2247 21.
367 2224 419 2254 25.
437 2226 468 2255 9,
488 2215 547 2245 ubi
560 2218 634 2245 recte
649 2215 737 2246 codd.
753 2216 918 2246 lectionem
933 2217 1074 2258 castigat
1210 2215 1405 2257 appellabat
1421 2213 1449 2247 Π
1467 2247 1472 2252 ,
1524 2218 1525 2226 ’

236 2259 383 2299 appellat
399 2257 513 2290 Madv.
532 2258 553 2289 l.
572 2269 611 2298 α,
631 2259 691 2289 uix
700 2269 837 2298 necess.;
859 2259 1106 2291 haesitationem
1118 2259 1269 2300 aliquam
1281 2258 1428 2300 depingit
1462 2294 1464 2297 .

226 2302 354 2341 sectum
537 2303 558 2333 8
582 2303 733 2342 appellat
748 2302 876 2340 Madv„
893 2307 970 2334 recte
984 2304 1035 2335 hic
1050 2306 1088 2334 ut
1100 2303 1274 2343 credemus,
1292 2305 1323 2334 et
1335 2310 1446 2333 come
1463 2318 1473 2340 χ,
1521 2302 1525 2315 ’

225 2345 362 2385 facilior
364 2345 440 2385 suit
446 2348 526 2386 post
540 2348 556 2383 §
576 2355 594 2385 7
610 2351 712 2387 supra
726 2357 734 2377 ε
755 2347 949 2386 appellabat
968 2346 1082 2380 fleald.
1102 2346 1246 2388 (Ussing
1258 2346 1356 2386 1886)

237 2389 417 2420 manifesta
443 2399 480 2420 re
501 2389 567 2422 ald.
594 2389 692 2421 Frob.
711 2399 739 2421 1.
765 2400 808 2420 2:
836 2390 871 2420 in
896 2391 1116 2422 manitestare
1141 2390 1290 2432 (uocibus
1310 2389 1406 2421 aliter
1423 2387 1479 2421 ab.
1520 2406 1525 2418 J

237 2432 366 2473 diuists)
390 2445 418 2465 π
444 2434 586 2474 (-1nanu-
609 2433 683 2469 D):
710 2433 745 2463 in
768 2433 860 2464 mani
885 2435 1005 2473 (ceten's
1027 2435 1068 2465 ab
1092 2433 1142 2466 σω
1162 2434 1278 2475 erasis)
1305 2432 1350 2466 C:
1379 2432 1407 2464 i·
1424 2446 1458 2458 w*

238 2475 365 2508 instare
381 2478 399 2507 θ
412 2479 443 2507 et
455 2475 528 2508 dett.
545 2476 606 2507 alii
618 2477 686 2507 alia
700 2487 708 2508 :
730 2476 764 2507 in
781 2487 881 2508 manu
899 2486 971 2508 rem
986 2482 1079 2509 stare
1093 2476 1166 2508 A¹⁵?
