1546 2756
683 153 1008 194 PRAEFATIO

193 270 239 307 ‘L
252 269 261 287 '
284 268 470 307 tribuerat
491 267 637 306 multos
658 277 806 305 errores
827 276 868 303 re
888 275 981 302 uera
1000 260 1165 302 minime
1184 261 1237 302 ab
1257 261 1498 314 Spirensian

189 333 399 374 traditione
418 331 554 372 ortos.1
610 331 759 372 Contra
779 328 948 381 plurima
966 327 1043 366 alia
1061 341 1185 379 praua
1205 334 1298 368 sunt
1316 326 1359 367 in
1378 329 1438 375 H,
1457 329 1499 368 d

188 399 332 450 quibus
351 400 405 437 N
410 399 423 418 ⁴
444 398 551 450 (cum
573 399 625 436 N
626 396 659 449 ³)
679 396 831 435 solebat
860 394 984 442 silere,
1006 407 1089 433 non
1117 393 1211 445 quia
1236 392 1278 432 in
1297 394 1477 445 exempla

188 478 270 503 non
286 463 449 503 fuissent
462 477 517 510 ea,
536 463 607 502 sed
620 462 730 513 quod
744 459 922 500 librarius
936 459 1140 499 meliorem
1155 472 1242 499 esse
1255 458 1495 499 Laurentian

189 543 307 580 quarn
345 527 575 579 exemplaris
617 527 677 566 sui
715 527 927 566 lectionem
972 538 1091 576 saepe
1131 525 1309 564 duxerat.
1366 523 1500 577 (Saer

189 594 307 634 etiam
341 595 551 633 lectionem
586 591 879 644 Spirensianam
917 589 1098 642 praebuit
1130 590 1297 641 quidem
1329 590 1409 639 N⁴‚
1438 603 1500 631 se·
1541 587 1543 600 '

188 661 297 699 uelut
317 660 367 698 de
387 672 427 698 re
446 658 633 698 dubitans
654 664 768 696 notas
785 655 967 696 delendi²
982 655 1057 695 sub
1072 655 1241 695 uocibus
1256 654 1299 695 in
1311 656 1369 694 N
1377 653 1494 696 stant‘

189 723 262 763 bus
295 737 378 763 non
400 737 518 762 ausus
542 730 601 762 est
629 721 876 761 subscribere
890 735 901 770 ;
930 721 1004 769 i.e.,
1027 728 1070 760 ut
1089 720 1262 761 coniecit
1285 720 1476 766 Conwaiu

189 787 369 839 praebuit
398 787 690 839 Spirensianam
723 789 788 825 ‘ut
821 787 1041 826 secundam
1065 785 1281 826 lectionem
1298 785 1342 839 ’.)
1399 785 1504 829 Nih
1538 779 1540 793 '

188 853 304 905 igitur
331 853 464 894 obstat
487 852 585 904 quin
610 854 662 892 ad
688 853 963 891 auctoritatem
991 852 1100 891 haud
1129 851 1285 903 longius
1306 851 1360 892 ab
1379 853 1410 896 Σ
1429 852 1494 892 di

188 925 337 958 tantem
365 932 485 970 quam
506 918 563 971 (in
585 917 714 957 Libris
736 919 888 963 XXIX,
910 916 1047 969 XXX)
1076 916 1283 957 Harleiani
1309 919 1466 970 exempl
1484 967 1488 970 μ
1534 951 1537 977 ἶ

188 983 402 1035 respexisse
422 983 592 1023 scribam
612 985 665 1022 Ν
669 983 682 1003 4
702 984 909 1022 credamus
924 997 936 1031 3
964 995 1085 1034 quern
1106 983 1250 1022 eodem
1263 995 1286 1023 e
1299 984 1410 1024 fonte
1422 982 1483 1037 (Σ
1533 980 1536 1031 Ϊ

187 1057 306 1101 atque
317 1051 373 1088 H
378 1049 555 1089 hausisse
569 1051 608 1088 in
622 1055 829 1088 stemmate
842 1048 1028 1088 indicaui.
1051 1050 1216 1099 Quanto
1230 1056 1364 1088 autem
1377 1048 1462 1088 min
1487 1043 1492 1073 ·’

187 1122 369 1165 corrupta
389 1114 439 1154 sit
458 1115 556 1154 haec
575 1113 787 1154 auctoritas
800 1128 920 1165 quam
941 1115 1071 1154 fontes
1092 1112 1147 1152 illi
1168 1114 1275 1154 unde
1291 1121 1331 1154 et
1348 1113 1466 1155 codic
1474 1113 1490 1154 -υ

187 1179 478 1220 contaminatos
502 1188 541 1219 et
561 1187 800 1220 correctores
827 1179 977 1220 codicis
996 1181 1035 1219 A
1057 1178 1237 1219 hausisse
1261 1179 1431 1229 conicio,
1453 1187 1469 1220 t
1529 1172 1533 1179 ’

186 1247 320 1294 lector,
338 1260 385 1285 ex
404 1245 478 1285 illis
499 1245 594 1285 locis
615 1259 854 1297 cognoscere
874 1246 1020 1297 poteris
1041 1244 1110 1285 ubi
1129 1244 1310 1285 omnium
1326 1246 1435 1285 solus
1488 1274 1490 1276 -

187 1310 269 1363 (uel
287 1312 342 1350 N
344 1310 374 1362 ⁸)
395 1324 486 1350 cum
506 1313 561 1363 Sp
580 1313 644 1351 uel
664 1312 777 1350 Frob.
799 1326 818 1350 2
842 1311 1051 1358 consentit,
1068 1310 1260 1362 neglectis
1278 1310 1355 1352 illis
1374 1312 1454 1364 dep

186 1375 411 1416 uationibus
439 1390 541 1428 quae
569 1376 609 1416 in
631 1379 677 1420 Σ6
697 1385 736 1418 et
756 1378 816 1426 Er,
839 1384 883 1417 ut
911 1377 1101 1429 suspicor,
1122 1376 1296 1429 primum
1322 1377 1445 1418 induc
1468 1397 1487 1422 :2

186 1449 289 1481 sunt.
356 1442 460 1482 Vide
489 1456 562 1494 eg.
593 1444 712 1482 adnn.
742 1444 794 1482 ad
827 1446 885 1482 26.
910 1446 973 1491 46.
999 1457 1048 1492 23
1080 1444 1142 1482 26.
1164 1456 1228 1493 49.
1256 1457 1330 1494 133
1360 1455 1422 1495 27.
1447 1458 1465 1484 1

190 1521 262 1556 103
306 1519 447 1558 27.15.
474 1519 549 1557 173
581 1520 641 1558 27.
667 1510 726 1548 16.
750 1511 805 1558 8;
846 1520 907 1559 27.
934 1511 993 1548 18.
1017 1523 1068 1558 95
1107 1510 1166 1547 28.
1193 1519 1226 1559 7.
1257 1520 1332 1561 153
1360 1511 1421 1549 28.
1445 1511 1487 1555 2
1524 1502 1526 1529 5

186 1584 212 1619 4
239 1571 304 1622 (ab
333 1571 448 1624 tergo)
465 1587 476 1621 3
513 1575 573 1612 28.
605 1575 665 1612 28.
701 1588 760 1614 11.
820 1575 907 1614 Nec
944 1587 1042 1614 uero
1074 1575 1220 1615 desunt
1248 1573 1327 1614 loci
1354 1573 1436 1624 ubi,
1480 1573 1484 1578 ’

187 1637 396 1682 credimus,
417 1638 556 1678 silente
576 1638 693 1678 etiarn
715 1640 925 1688 Rhenano‚
948 1638 1012 1678 hic
1028 1639 1158 1679 scriba
1172 1640 1280 1679 solus
1294 1638 1458 1680 lection·

187 1701 336 1742 codicis
357 1704 386 1745 Σ
407 1711 671 1754 repraesentet
692 1704 801 1755 (uide
821 1719 893 1756 e.g.
918 1718 978 1755 30.
1003 1707 1065 1755 36.
1093 1704 1171 1758 11).
1479 1696 1482 1698 ¹
1520 1699 1523 1706 Α

244 1769 462 1816 Defecerat,
503 1775 546 1808 ut
584 1770 751 1818 uidetur,
785 1769 826 1808 in
856 1769 978 1809 Libro
1015 1772 1158 1810 XXVI
1197 1771 1326 1811 codex
1362 1767 1414 1814 Σὺ
1443 1777 1483 1811 u
1518 1765 1522 1780 ²

189 1831 319 1872 minus
340 1846 459 1884 quam
480 1832 562 1884 ipse
583 1835 774 1885 Spirensis
791 1842 829 1874 et
845 1837 1015 1875 eandem
1037 1836 1377 1888 perturbationem
1397 1835 1473 1890 (ui
1518 1880 1519 1885 ¹

187 1896 288 1949 §89)
308 1899 540 1948 praebuerat
555 1914 565 1947 3
593 1913 723 1951 neque
750 1902 857 1940 enim
883 1903 937 1940 N
943 1902 957 1923 ³
981 1916 1114 1953 neque
1142 1905 1198 1943 N
1203 1905 1217 1926 ⁴
1245 1909 1397 1955 partem
1423 1902 1473 1943 ei
1517 1955 1519 1957 ‚

188 1963 297 2002 Libri
318 1965 357 2002 in
375 1966 431 2003 N
439 1964 624 2005 omissam
647 1965 756 2017 (uide
776 1966 833 2016 §8
838 1966 876 2017 5)
895 1969 1077 2019 supplere
1096 1976 1311 2019 potuerunt
1332 1969 1407 2021 (i.e.
1426 1966 1479 2008 n·f
1515 1960 1518 1966 ¹

188 2037 445 2079 perceperunt
465 2044 552 2070 eam
572 2033 622 2070 ad
643 2031 807 2071 Librum
828 2035 967 2072 XXVI
988 2033 1211 2088 pertinere).
1270 2035 1438 2086 Fragme
1513 2080 1516 2087 Ι

189 2100 321 2132 tamen
335 2095 527 2145 quaedam
546 2095 661 2135 huius
676 2096 784 2136 Libri
797 2098 988 2138 exstitisse
1004 2099 1044 2139 in
1062 2097 1111 2143 Σὺ
1125 2099 1331 2140 uidentur:
1352 2112 1445 2139 nam
1512 2142 1515 2149 f

189 2159 330 2197 eodem
351 2159 490 2199 codice
509 2168 725 2201 extractum
746 2176 832 2202 esse
852 2166 1176 2215 supplementum
1195 2165 1294 2205 illud
1313 2171 1472 2216 occupa
1512 2147 1515 2168 ⁵

189 2226 428 2264 Hasdrubal
450 2239 494 2264 ne
523 2225 582 2278 (in
604 2229 664 2266 26.
692 2240 751 2277 17.
776 2233 816 2280 5)
845 2228 980 2269 licebit
1009 2231 1173 2270 fortasse
1201 2229 1395 2270 conicere.
1512 2243 1513 2255 ³

232 2326 245 2346 ¹
271 2327 309 2358 In
337 2329 579 2361 commentario
606 2335 733 2371 nostro,
761 2342 805 2363 ne
834 2332 934 2363 nimis
961 2332 1053 2373 longi
1084 2343 1247 2375 essemus,
1267 2343 1409 2366 necesse
1509 2331 1511 2355 Ὗ

189 2389 292 2418 saepe
309 2380 350 2410 de
365 2380 567 2412 lectionibus
582 2382 624 2413 ab
639 2382 689 2413 N⁵
705 2387 739 2415 et
753 2384 802 2415 N⁶
819 2383 917 2426 (etc.)
934 2385 1098 2425 profectis
1114 2385 1230 2418 silere.

233 2429 245 2449 ²
269 2430 354 2462 Vide
371 2432 523 2464 Conwaii
539 2444 597 2474 op.
613 2435 669 2467 cit.

801 2491 888 2530 xxvi
