1546 2756
677 155 1002 196 PRAEFATIO

180 267 475 305 confeceramus
488 280 500 314 3
528 273 568 305 at
581 278 718 304 mense
731 264 810 304 iam
827 262 1051 315 Septembri
1065 262 1161 303 anni
1179 276 1279 314 1933
1295 262 1409 302 tertia
1422 263 1503 302 fere

179 344 268 382 pars
295 333 410 370 huius
431 331 549 370 Tomi
570 331 610 369 in
636 330 772 382 primis
798 331 1040 381 prelatorum
1067 329 1228 368 schedis
1253 341 1398 368 excusa
1421 335 1503 368 erat

179 409 271 435 cum
293 395 524 437 Conwaium
541 397 618 434 fata
638 395 941 446 interceperunt.
1002 393 1204 445 Equidem
1223 393 1418 433 rationem
1437 394 1504 432 ad-

179 463 429 501 notationum
457 461 572 500 nobis
592 462 830 512 descriptam
857 459 1000 500 retinui
1014 475 1025 509 3
1054 466 1094 499 et
1113 458 1147 498 si
1166 473 1246 510 qua
1265 457 1502 499 sententiam

180 541 309 568 meam
339 527 500 575 mutaui,
530 529 570 566 id
597 526 658 578 egi
687 534 730 566 ut
759 540 828 577 per
856 540 977 566 uoces
1010 525 1168 565 ‘malim
1199 526 1305 577 ipse'
1326 523 1396 577 (sc.
1418 523 1504 575 ipse
1545 532 1546 536 ’

181 592 410 644 Conwaius)
440 601 478 632 et
508 592 649 632 similia
682 591 780 643 quid
811 591 1022 632 Conwaius
1056 591 1213 644 (saltem
1247 589 1349 629 inter
1375 602 1503 629 annos

186 670 284 709 1927
307 666 346 697 et
371 657 489 710 1932)
510 657 695 697 sensisset
715 656 852 696 lectori
873 671 1030 708 semper
1049 655 1350 707 expromerem.¹
1512 655 1514 659 ’

233 724 252 773 §
275 725 336 773 83.
367 724 432 761 De
453 724 647 773 Stz'rpz'bus
665 723 709 762 P
721 728 759 761 et
775 723 817 764 Σ.
878 723 927 760 In
949 721 1128 773 quinque
1154 720 1349 772 prioribus
1373 719 1505 760 Libris

179 788 296 827 huius
319 790 491 828 Decadis
512 802 707 827 summam
728 787 1003 827 auctoritatem
1020 787 1141 827 habet
1154 788 1282 828 codex
1302 789 1512 826 Puteanus

180 853 271 906 (P):
301 853 343 892 in
359 853 486 893 Libris
499 855 786 893 XXVI—XXX
802 853 986 904 partitam
1001 866 1091 892 eam
1104 852 1226 892 habet
1241 866 1333 892 cum
1348 852 1504 904 Spiren-

179 919 288 958 siana
301 920 314 940 ²
342 933 461 970 quam
478 933 668 958 uocamus
685 919 802 970 stirpe
816 919 894 972 (Σ).
954 921 1076 958 Hane
1089 926 1222 958 autern
1235 917 1501 968 traditionem,

177 998 261 1023 non
289 998 358 1036 per
384 998 624 1035 quemquam
654 982 994 1024 unum'codicum
1023 997 1133 1023 nunc
1160 982 1399 1023 exstantium
1428 996 1490 1022 ser

179 1058 324 1098 uatam‚
340 1051 410 1089 sed
431 1049 571 1101 partim
593 1063 661 1100 per
682 1051 792 1089 locos
812 1064 860 1089 ex
875 1051 1016 1089 codice
1036 1049 1211 1101 Spirensi
1228 1049 1358 1101 (cuius
1377 1043 1507 1088 unuu(

177 1122 311 1155 manet
341 1114 495 1166 folium)
521 1128 545 1154 a
572 1116 773 1154 Rhenano
802 1116 988 1166 prolatos,
1017 1114 1159 1167 partim
1189 1127 1260 1166 per
1284 1115 1462 1166 fragmen

177 1180 450 1230 Taurinensia,
470 1180 611 1231 partim
624 1194 693 1232 per
708 1182 985 1231 supplementa
1005 1188 1272 1220 correctorum
1287 1179 1328 1219 in
1341 1179 1501 1228 codicess

176 1246 273 1285 AN
283 1245 436 1293 inserta,
459 1245 600 1296 partim
620 1245 795 1296 denique
821 1259 890 1296 per
909 1245 1070 1284 codices
1097 1244 1266 1285 Puteani
1291 1243 1478 1285 tradition
1487 1262 1507 1279 ἐ

177 1310 479 1359 contaminatos,
508 1311 628 1351 hodie
655 1310 873 1351 editoribus
903 1311 1288 1362 quomodocumque
1315 1309 1489 1361 indagan

175 1377 268 1416 dam
289 1390 376 1416 esse
394 1377 576 1416 constat.³

233 1444 283 1482 In
303 1444 446 1494 pagina
466 1442 559 1482 huic
578 1444 747 1482 aduersa
767 1442 994 1494 depingitur
1014 1450 1184 1483 stemma
1203 1442 1402 1492 codicum,
1420 1449 1500 1494 qus'
1521 1476 1524 1480 ,

176 1507 340 1547 clariora
359 1507 436 1547 sint
456 1521 559 1558 quae
580 1509 827 1559 sequuntur.4

229 1574 247 1623 ξ
268 1576 329 1622 84.
360 1575 426 1612 De
440 1574 577 1612 ultima
583 1579 702 1625 parte
718 1575 865 1614 Codia's
878 1576 1058 1615 Puteani.
1108 1574 1318 1615 Librorum
1333 1575 1473 1614 XXVI
1488 1620 1490 1622 ,

175 1641 293 1678 ΧΧΧ
306 1639 346 1678 in
361 1641 541 1679 Puteano
556 1641 677 1680 hodie
693 1647 848 1680 exstant
862 1654 957 1680 cum
972 1641 1108 1681 omnia
1120 1642 1134 1662 ⁵
1147 1655 1275 1693 usque
1285 1642 1338 1681 ad
1355 1655 1417 1693 30.
1436 1655 1490 1693 3·-

179 1718 227 1752 14
249 1703 411 1756 (creatus
426 1719 507 1744 cum
523 1719 535 1754 3
562 1707 627 1745 fol.
645 1708 724 1756 469
738 1720 775 1745 u.
790 1708 842 1746 ad
864 1706 950 1759 fin.)
971 1714 1056 1746 tum
1077 1720 1204 1746 unum
1224 1706 1378 1758 folium,
1391 1720 1488 1758 quo
1517 1726 1518 1729 ¹

176 1771 336 1820 praebet
355 1770 407 1809 ab
429 1784 490 1821 30.
515 1783 576 1821 37.
601 1785 623 1822 3
646 1771 779 1823 (neque
803 1770 1059 1825 domare[n]t)
1086 1786 1213 1823 usque
1231 1774 1284 1813 ad
1305 1786 1368 1824 30.
1390 1775 1453 1824 38.
1480 1818 1482 1820 ,

219 1867 230 1887 ¹
257 1867 385 1899 Contra
410 1868 446 1899 in
474 1869 536 1900 hac
564 1869 776 1901 Praefatione
805 1870 916 1912 (cuius
940 1870 1033 1902 solus
1057 1871 1223 1903 rationem
1247 1869 1368 1912 reddo)
1398 1871 1435 1902 ‘e
1466 1884 1489 1903 ·.
1511 1867 1515 1881 ³

184 1934 208 1945 =
226 1919 395 1958 Johnson.

219 1970 232 1990 ²
255 1971 473 2003 Adiectiuum
492 1972 550 2003 uix
567 1979 724 2005 accurate
742 1978 923 2014 usurpatur
939 1975 982 2005 ad
995 1978 1099 2006 totam
1112 1974 1202 2006 illam
1214 1974 1428 2006 traditionem
1442 1974 1488 2015 ἀ»,
1504 1998 1513 2005 ,,

175 2023 388 2063 signandam,
408 2025 469 2055 sed
486 2025 581 2063 satis,
597 2026 731 2066 opinor,
752 2027 793 2056 ad
811 2037 882 2057 rem
899 2027 1073 2058 conuenit.
1477 2017 1479 2019 ι

218 2074 232 2094 ⁸
260 2075 438 2116 Postquam
461 2076 546 2107 fides
566 2077 788 2117 Spirensiana
811 2079 852 2109 ab
882 2077 1150 2118 Heerwagenio,
1177 2077 1328 2120 Halmio,
1357 2077 1449 2110 Mom
1471 2071 1487 2105 ι’

176 2126 275 2157 senio
305 2132 398 2158 certe
423 2128 619 2159 confirmata
646 2139 686 2160 ac
712 2129 858 2160 stabilita
881 2133 943 2170 est,
970 2140 1072 2162 nemo
1096 2134 1227 2162 tantum
1256 2131 1289 2162 in
1314 2131 1402 2161 hanc
1427 2140 1477 2161 re
1506 2133 1509 2167 J

175 2178 318 2209 contulit
348 2183 510 2218 quantum
534 2179 708 2219 Augustus
732 2181 846 2212 Luchs
874 2181 925 2222 (T
922 2203 932 2212 .
956 2181 1040 2213 Liui
1057 2181 1114 2213 Ab
1140 2181 1220 2213 Vrbe
1243 2180 1384 2214 Condita
1407 2174 1478 2218 ΙᾹ,Υ
1505 2170 1508 2186 ⁸

175 2227 434 2270 XXVI-XXX,
452 2230 604 2262 Berolini
626 2231 723 2272 1879)
742 2243 750 2270 3
774 2233 852 2263 uide
868 2233 1053 2274 praecipue
1071 2237 1087 2272 §
1104 2243 1145 2274 91
1166 2233 1264 2266 infra.

218 2280 231 2300 ‘¹
256 2281 456 2322 Simplicius
478 2283 614 2323 quidem
638 2284 703 2314 hoc
727 2288 868 2315 stemma
895 2285 1068 2325 depictum
1096 2290 1149 2317 est
1176 2296 1276 2326 quarn
1304 2283 1395 2326 quod
1426 2295 1455 2316 r

176 2337 279 2364 totam
300 2333 466 2365 indicaret
482 2345 490 2374 ;
514 2335 576 2366 sed
595 2335 688 2375 satis,
707 2344 820 2375 spero,
840 2341 874 2367 et
887 2336 971 2367 duas
987 2336 1111 2377 stirpes
1132 2337 1258 2369 indicat
1276 2341 1310 2368 et
1325 2336 1475 2377 quomo(
1502 2351 1503 2364 ι

175 2385 307 2416 oriundi
324 2386 391 2417 sint
407 2386 543 2418 codices
560 2387 779 2418 contaminati
799 2387 881 2428 (Vo
899 2388 992 2430 etc.).
1476 2389 1477 2392 ’

226 2436 239 2455 ⁵
267 2437 407 2469 Praeter
423 2439 560 2470 lacunas
577 2439 707 2470 scilicet
724 2449 809 2479 quas
828 2440 915 2471 infra
931 2450 1094 2473 memoro.

1438 1880 1461 1910 OQ

814 2494 852 2533 vi
