1546 2756
511 158 834 198 PRAEFATIO

2 257 56 323 sss*
67 269 278 308 haerentia.
335 269 451 307 Haec
479 281 577 307 uero
603 267 867 318 discrepantia
895 267 987 307 ideo
1017 268 1165 319 (aliqua
1192 268 1332 306 saltem

74 332 202 385 parte>
217 339 303 372 orta
313 340 373 372 est
388 334 499 384 quod
513 332 555 372 hi
569 332 729 372 codices
742 331 803 384 (ut
817 331 1105 372 demonstrauit
1119 329 1332 383 Luchsius)

7 383 96 448 {sn
119 398 250 436 solum
269 410 318 436 ex
337 411 386 438 eo
406 399 516 437 fonte
544 411 666 449 quem
691 398 743 438 ΣΥ
764 397 932 436 nomino
956 395 1115 436 oriundi
1141 403 1234 435 sunt
1258 396 1331 435 sed

5 453 132 522 Ξ·
151 476 174 502 e
189 462 331 503 codice
348 465 403 502 N
409 463 496 514 ipso
516 462 596 502 iam
615 477 640 502 a
659 463 946 502 correctoribus
962 461 1053 514 (nec
1069 460 1330 513 Spirensianis

15 568 32 575 ,
42 526 160 580 lum)
171 534 347 567 tractato.
392 529 448 567 At
459 529 504 566 F
511 527 674 578 quidem
690 527 732 566 in
745 526 862 567 Liuio
876 528 1037 566 edendo
1051 527 1150 565 nulli
1165 525 1331 565 omnino

0 592 102 647 ÷njui
120 600 191 632 est.
238 592 380 633 Codex
395 594 434 632 V
444 592 722 644 Spirensianae
739 592 984 632 auctoritatis
1003 592 1162 632 uidetur
1180 591 1331 643 aliquid

65 657 169 706 bere,
194 671 280 697 non
306 671 388 709 quo
416 658 612 698 erroribus
641 658 830 697 immunis
859 657 1088 697 sit—immo
1117 657 1331 697 sescenties

10 841 58 912 {²7-
102 868 160 893 10.
183 867 207 905 3
227 855 418 894 nonnulla
443 867 536 894 cum
563 856 618 906 Sp
637 861 678 895 et
695 856 755 895 H
762 853 938 907 omissa).
998 856 1123 893 Hunc
1148 854 1330 892 codicem

23 927 42 977 ζῇ
65 919 225 959 duobus
244 920 309 958 uel
328 919 454 959 tribus
475 919 604 959 Libris
617 921 754 960 denuo
773 921 890 959 huius
906 918 1091 959 editionis
1107 932 1226 958 causa
1244 931 1331 970 per-

121 985 262 1024 eadem
282 984 347 1023 illa
367 987 459 1024 Nan
481 985 627 1036 Holley
642 999 764 1037 quam
783 999 902 1037 supra
921 984 1139 1024 nominaui.
1179 986 1329 1023 Verum

23 1047 199 1090 oniam
225 1050 505 1090 adnotationes
529 1058 687 1090 nostrae
710 1050 790 1090 iam
810 1049 928 1090 nimis
952 1051 1092 1101 longae
1112 1056 1234 1098 erant,
1255 1050 1330 1088 lec-

22 1106 60 1162 3'0
95 1128 137 1154 es
165 1115 250 1154 eius
277 1116 406 1155 solum
432 1115 473 1154 in
498 1116 621 1155 Libro
643 1116 781 1155 XXX1
801 1115 1047 1168 protulimus,
1070 1116 1142 1154 rati
1161 1115 1330 1167 proprie-

39 1195 82 1231 .”¹'
127 1193 225 1231 quas
244 1181 366 1220 habet
384 1181 478 1220 satis
497 1181 554 1221 ibi
574 1183 656 1221 fore
675 1183 915 1233 perspicuas.

29 1240 119 1303 lfflfsAt
136 1259 218 1285 non
247 1246 459 1297 spernendi
486 1253 578 1286 sunt
605 1246 855 1286 recentiores.
914 1248 989 1286 Per
1008 1237 1077 1286 eos
1096 1244 1204 1285 enim
1223 1245 1330 1286 solos

55 1329 83 1352 s
109 1312 206 1351 dum
239 1325 334 1351 uera
360 1325 408 1351 ac
440 1312 615 1363 genuina
647 1313 767 1352 lectio
799 1311 917 1351 nobis
948 1311 1090 1351 tradita
1122 1319 1191 1359 est,
1227 1324 1330 1362 quae

19 1384 26 1432 '3
59 1368 130 1416 v'us
156 1378 187 1420 Σ
205 1377 481 1417 auctoritatem
512 1385 790 1429 repraesentat.
854 1380 949 1417 Hoc
977 1378 1045 1429 qui
1075 1377 1241 1426 dubitat,
1270 1376 1329 1415 in-

20 1434 32 1454 ⁷'
63 1461 70 1486 γε
94 1443 147 1483 iat
173 1443 307 1483 locum
333 1455 395 1493 27.
422 1457 480 1493 13.
508 1454 541 1493 7,
568 1442 637 1482 ubi
666 1457 759 1483 cum
793 1445 848 1482 Ta
878 1443 1069 1494 praebent
1093 1444 1116 1482 θ
1137 1443 1332 1481 ademisset

23 1491 40 1506 Ι
72 1509 137 1548 sic
153 1509 194 1558 V,
209 1521 330 1560 quem
343 1508 408 1548 hic
421 1522 502 1548 non
518 1508 709 1549 citamus:
739 1510 959 1548 abstulisset
970 1507 1038 1560 P).
1087 1510 1272 1560 Sequitur
1286 1515 1329 1548 ut

23 1563 191 1623 ”;,“»’ῖίεῐιε
214 1575 267 1614 de
290 1575 321 1617 Σ
346 1573 463 1614 silent
486 1581 527 1613 et
554 1575 775 1614 Rhenanus
802 1581 842 1613 et
869 1573 934 1613 N*
953 1581 992 1614 et
1012 1574 1067 1613 A⁷
1086 1581 1125 1613 et
1153 1573 1330 1614 Harleia-

24 1640 53 1684 ’,”
67 1631 79 1693 ἶ
115 1639 234 1680 etiam
253 1639 438 1679 codicum
464 1640 518 1679 VO
537 1639 656 1680 lectio
676 1639 896 1680 editoribus
916 1640 1200 1691 perpendenda
1219 1638 1278 1679 sit.

96 1718 159 1756 94.
180 1707 246 1744 De
266 1706 399 1745 Codice
416 1706 638 1744 Harlet'ano
651 1704 745 1758 (H).
786 1706 835 1744 In
852 1718 931 1744 una
950 1713 1103 1744 tantum
1116 1713 1227 1756 parte
1246 1705 1326 1758 (29.

35 1773 75 1822 {5³
94 1782 236 1822 5—30.
259 1784 321 1810 21.
347 1783 392 1810 12
411 1784 423 1819 3
441 1769 502 1810 i.e.
522 1772 587 1810 fol.
611 1773 680 1810 181
703 1784 732 1810 r.
755 1769 838 1810 init.
868 1783 994 1822 usque
1021 1771 1074 1810 ad
1102 1771 1167 1810 fol.
1193 1783 1268 1819 204
1288 1784 1327 1811 u.

58 1826 132 1888 ⁹⁴.)
158 1836 225 1876 hic
251 1837 389 1884 codex,
413 1837 573 1875 saeculo
593 1848 653 1876 xv
675 1844 866 1883 exaratus,
887 1835 1005 1875 nobis
1030 1837 1118 1874 usui
1145 1843 1232 1885 est3
1259 1835 1327 1887 qui

32 1908 91 1931 ³
119 1901 326 1942 manifeste
350 1901 401 1941 ab
427 1902 478 1944 ΣΤ
497 1901 579 1952 (uel
603 1901 656 1940 ab
679 1902 819 1941 codice
845 1900 880 1940 ei
900 1901 1098 1953 cognato),
1120 1900 1175 1940 ibi
1195 1908 1329 1941 tamen

30 1941 90 2010 ᾖ.
112 1968 298 2019 tiquiore
316 1968 492 2018 quodam
511 1966 613 2006 libro
632 1973 672 2005 et
691 1965 767 2018 ipsi
787 1968 818 2009 Σ
838 1966 1020 2017 propiore
1040 1966 1239 2006 deriuatus
1255 1974 1325 2006 est.

117 2033 168 2072 ab
182 2033 356 2071 Luchsio
371 2031 449 2071 iam
463 2039 715 2082 perspectum
736 2033 988 2071 confirmauit
1003 2031 1240 2079 Waltersius,
1259 2033 1327 2083 qui

43 2084 189 2137 *cem
216 2098 351 2137 denuo
379 2097 420 2135 in
448 2098 524 2136 hac
551 2103 662 2147 parte
685 2097 859 2148 perlegit.
901 2097 1063 2137 Mendis
1089 2098 1251 2148 quidem
1271 2097 1326 2137 ibi

59 2163 79 2208 *J
101 2162 186 2201 dat
204 2163 261 2208 hs,
282 2162 354 2200 sed
382 2162 514 2211 qualia
541 2161 754 2212 exemplari
784 2163 887 2201 male
917 2163 1021 2201 lecto
1049 2161 1176 2212 potuit
1199 2162 1327 2202 scriba

54 2218 56 2220 ’
75 2253 97 2271 ›.
111 2226 351 2265 contrahere.
395 2227 457 2264 De
473 2227 533 2264 his
547 2239 621 2264 nos
636 2227 870 2277 plerumque
889 2226 1003 2266 silere
1018 2226 1144 2266 coacti
1165 2240 1301 2266 sumus
1315 2242 1327 2277 ;

44 2283 84 2337 J
99 2297 291 2343 quantum
310 2290 519 2330 obseruaui
539 2290 604 2328 uix
619 2290 833 2342 quicquam
849 2298 931 2331 erat
946 2290 987 2330 in
1003 2292 1077 2330 hac
1097 2298 1206 2342 parte
1220 2293 1326 2332 codi-

42 2354 205 2399 l‘kuod·
231 2355 283 2395 ad
310 2354 477 2394 Puteani
509 2355 763 2394 traditionem
796 2355 956 2396 attribui
989 2363 1134 2408 posset.
1193 2357 1325 2397 Immo

62 2420 99 2451 ὓ
140 2427 156 2451 ¹
177 2429 246 2463 Sed
261 2434 296 2462 et
312 2429 358 2462 ibi
374 2429 418 2461 de
433 2428 547 2462 multis
562 2430 807 2463 uariationibus
822 2430 926 2463 silere
941 2431 1049 2465 coacti
1064 2441 1192 2464 sumus.

73 2488 95 2535 ζ
628 2486 717 2526 xxix

73 2597 98 2618 ιγ,
