<?xml version="1.0" encoding="UTF-8"?>
<!DOCTYPE html PUBLIC "-//W3C//DTD XHTML 1.0 Transitional//EN"
    "http://www.w3.org/TR/xhtml1/DTD/xhtml1-transitional.dtd">
<html xmlns="http://www.w3.org/1999/xhtml" xml:lang="en" lang="en">
 <head>
  <title>
</title>
<meta http-equiv="Content-Type" content="text/html;charset=utf-8" />
  <meta name='ocr-system' content='tesseract 3.04.00' />
  <meta name='ocr-capabilities' content='ocr_page ocr_carea ocr_par ocr_line ocrx_word'/>
</head>
<body>
  <div class='ocr_page' id='page_1' title='image "./aburbeconditarec04livyuoft_0126.png"; bbox 0 0 1546 2756; ppageno 0'>
   <div class='ocr_carea' id='block_1_1' title="bbox 1419 382 1546 2756">
    <p class='ocr_par' dir='ltr' id='par_1_1' title="bbox 1419 382 1546 2756">
     <span class='ocr_line' id='line_1_1' title="bbox 1419 382 1546 771; baseline 0 0"><span class='ocrx_word' id='word_1_1' title='bbox 1419 382 1546 771; x_wconf 95' lang='lat' dir='ltr'>     </span> 
     </span>
     <span class='ocr_line' id='line_1_2' title="bbox 1419 903 1546 1121; baseline 0 0"><span class='ocrx_word' id='word_1_2' title='bbox 1419 903 1546 1121; x_wconf 95' lang='lat' dir='ltr'>    </span> 
     </span>
     <span class='ocr_line' id='line_1_3' title="bbox 1423 1121 1546 1332; baseline -0.016 -85"><span class='ocrx_word' id='word_1_3' title='bbox 1423 1121 1546 1332; x_wconf 95' lang='lat' dir='ltr'>     </span> 
     </span>
     <span class='ocr_line' id='line_1_4' title="bbox 1419 1332 1546 1465; baseline 0 0"><span class='ocrx_word' id='word_1_4' title='bbox 1419 1332 1546 1465; x_wconf 95' lang='lat' dir='ltr'>  </span> 
     </span>
     <span class='ocr_line' id='line_1_5' title="bbox 1450 1465 1546 1595; baseline 0 -42"><span class='ocrx_word' id='word_1_5' title='bbox 1450 1465 1546 1595; x_wconf 95' lang='lat' dir='ltr'>    </span> 
     </span>
     <span class='ocr_line' id='line_1_6' title="bbox 1419 1595 1546 1726; baseline 0 0"><span class='ocrx_word' id='word_1_6' title='bbox 1419 1595 1546 1726; x_wconf 95' lang='lat' dir='ltr'>    </span> 
     </span>
     <span class='ocr_line' id='line_1_7' title="bbox 1442 1726 1546 1903; baseline 0 -46"><span class='ocrx_word' id='word_1_7' title='bbox 1442 1726 1546 1903; x_wconf 95' lang='lat' dir='ltr'>   </span> 
     </span>
     <span class='ocr_line' id='line_1_8' title="bbox 1419 1903 1546 2076; baseline 0 -129"><span class='ocrx_word' id='word_1_8' title='bbox 1419 1903 1546 2076; x_wconf 95' lang='lat' dir='ltr'>     </span> 
     </span>
     <span class='ocr_line' id='line_1_9' title="bbox 1419 2076 1546 2215; baseline 0 0"><span class='ocrx_word' id='word_1_9' title='bbox 1419 2076 1546 2215; x_wconf 95' lang='lat' dir='ltr'>     </span> 
     </span>
     <span class='ocr_line' id='line_1_10' title="bbox 1419 2215 1546 2341; baseline 0 0"><span class='ocrx_word' id='word_1_10' title='bbox 1419 2215 1546 2341; x_wconf 95' lang='lat' dir='ltr'>    </span> 
     </span>
     <span class='ocr_line' id='line_1_11' title="bbox 1419 2341 1546 2756; baseline 0 -331"><span class='ocrx_word' id='word_1_11' title='bbox 1419 2341 1546 2756; x_wconf 95' lang='lat' dir='ltr'>  </span> 
     </span>
    </p>
   </div>
   <div class='ocr_carea' id='block_1_2' title="bbox 161 165 1028 220">
    <p class='ocr_par' dir='ltr' id='par_1_2' title="bbox 161 165 1028 220">
     <span class='ocr_line' id='line_1_12' title="bbox 161 165 1028 220; baseline -0.008 -9"><span class='ocrx_word' id='word_1_12' title='bbox 161 172 301 210; x_wconf 86' lang='lat' dir='ltr'>XXVI</span> <span class='ocrx_word' id='word_1_13' title='bbox 323 181 377 220; x_wconf 83' lang='lat'>43</span> <span class='ocrx_word' id='word_1_14' title='bbox 396 177 416 207; x_wconf 88' lang='lat'>8</span> <span class='ocrx_word' id='word_1_15' title='bbox 756 166 877 206; x_wconf 90' lang='lat' dir='ltr'>T1T1</span> <span class='ocrx_word' id='word_1_16' title='bbox 909 165 1028 204; x_wconf 81' lang='lat' dir='ltr'>L1v1</span> 
     </span>
    </p>
   </div>
   <div class='ocr_carea' id='block_1_3' title="bbox 162 273 1501 592">
    <p class='ocr_par' dir='ltr' id='par_1_3' title="bbox 162 273 1501 592">
     <span class='ocr_line' id='line_1_13' title="bbox 231 273 1494 327; baseline -0.004 -8"><span class='ocrx_word' id='word_1_17' title='bbox 231 281 365 319; x_wconf 90' lang='lat' dir='ltr'>Africa</span> <span class='ocrx_word' id='word_1_18' title='bbox 377 292 513 318; x_wconf 87' lang='lat' dir='ltr'>cursus</span> <span class='ocrx_word' id='word_1_19' title='bbox 527 286 586 317; x_wconf 89' lang='lat' dir='ltr'>est</span> <span class='ocrx_word' id='word_1_20' title='bbox 599 293 611 327; x_wconf 79' lang='lat'><em>3</em></span> <span class='ocrx_word' id='word_1_21' title='bbox 630 279 730 317; x_wconf 88' lang='lat' dir='ltr'>haec</span> <span class='ocrx_word' id='word_1_22' title='bbox 745 290 826 317; x_wconf 89' lang='lat' dir='ltr'>una</span> <span class='ocrx_word' id='word_1_23' title='bbox 838 276 940 315; x_wconf 89' lang='lat' dir='ltr'>inter</span> <span class='ocrx_word' id='word_1_24' title='bbox 955 277 1203 326; x_wconf 86' lang='lat' dir='ltr'><strong>Pyrenaeum</strong></span> <span class='ocrx_word' id='word_1_25' title='bbox 1217 279 1256 313; x_wconf 89' lang='lat' dir='ltr'>et</span> <span class='ocrx_word' id='word_1_26' title='bbox 1270 273 1406 314; x_wconf 86' lang='lat' dir='ltr'>Gades</span> <span class='ocrx_word' id='word_1_27' title='bbox 1418 287 1437 314; x_wconf 88' lang='lat' dir='ltr'>s</span> <span class='ocrx_word' id='word_1_28' title='bbox 1459 292 1466 307; x_wconf 70' lang='grc' dir='ltr'><strong><em>τ</em></strong></span> <span class='ocrx_word' id='word_1_29' title='bbox 1487 295 1494 306; x_wconf 62' lang='lat' dir='ltr'>r</span> 
     </span>
     <span class='ocr_line' id='line_1_14' title="bbox 233 340 1126 394; baseline -0.007 -9"><span class='ocrx_word' id='word_1_30' title='bbox 233 345 328 385; x_wconf 89' lang='lat' dir='ltr'>hinc</span> <span class='ocrx_word' id='word_1_31' title='bbox 347 343 458 384; x_wconf 86' lang='lat' dir='ltr'>omni</span> <span class='ocrx_word' id='word_1_32' title='bbox 479 343 701 394; x_wconf 85' lang='lat' dir='ltr'>Hispaniae</span> <span class='ocrx_word' id='word_1_33' title='bbox 720 341 903 381; x_wconf 84' lang='lat' dir='ltr'><strong>imminet</strong></span> <span class='ocrx_word' id='word_1_34' title='bbox 927 340 1126 380; x_wconf 86' lang='lat' dir='ltr'>Africa.††</span> 
     </span>
     <span class='ocr_line' id='line_1_15' title="bbox 162 403 1491 461; baseline -0.007 -9"><span class='ocrx_word' id='word_1_35' title='bbox 162 423 218 461; x_wconf 87' lang='lat'>44</span> <span class='ocrx_word' id='word_1_36' title='bbox 289 413 338 451; x_wconf 90' lang='lat'>††</span> <span class='ocrx_word' id='word_1_37' title='bbox 353 415 583 449; x_wconf 84' lang='lat' dir='ltr'>armauerat.</span> <span class='ocrx_word' id='word_1_38' title='bbox 622 408 727 448; x_wconf 89' lang='lat' dir='ltr'>Cum</span> <span class='ocrx_word' id='word_1_39' title='bbox 748 414 849 447; x_wconf 91' lang='lat' dir='ltr'>terra</span> <span class='ocrx_word' id='word_1_40' title='bbox 867 407 1048 457; x_wconf 87' lang='lat' dir='ltr'>marique</span> <span class='ocrx_word' id='word_1_41' title='bbox 1067 403 1207 444; x_wconf 87' lang='lat' dir='ltr'>instrui</span> <span class='ocrx_word' id='word_1_42' title='bbox 1221 403 1466 455; x_wconf 83' lang='lat' dir='ltr'>oppugnatio</span> <span class='ocrx_word' id='word_1_43' title='bbox 1487 403 1491 411; x_wconf 73' lang='lat'>‘</span> 
     </span>
     <span class='ocr_line' id='line_1_16' title="bbox 199 469 1501 524; baseline -0.006 -9"><span class='ocrx_word' id='word_1_44' title='bbox 199 493 214 515; x_wconf 92' lang='lat'><strong>2</strong></span> <span class='ocrx_word' id='word_1_45' title='bbox 235 475 389 515; x_wconf 91' lang='lat' dir='ltr'>uideret</span> <span class='ocrx_word' id='word_1_46' title='bbox 409 481 448 513; x_wconf 92' lang='lat' dir='ltr'>et</span> <span class='ocrx_word' id='word_1_47' title='bbox 467 473 552 524; x_wconf 92' lang='lat' dir='ltr'>ipse</span> <span class='ocrx_word' id='word_1_48' title='bbox 571 472 707 524; x_wconf 87' lang='lat' dir='ltr'>copias</span> <span class='ocrx_word' id='word_1_49' title='bbox 722 474 775 511; x_wconf 84' lang='lat' dir='ltr'>ita</span> <span class='ocrx_word' id='word_1_50' title='bbox 790 471 979 522; x_wconf 88' lang='lat' dir='ltr'>disponit.</span> <span class='ocrx_word' id='word_1_51' title='bbox 1038 469 1345 521; x_wconf 84' lang='lat' dir='ltr'>oppidanorum</span> <span class='ocrx_word' id='word_1_52' title='bbox 1357 469 1441 509; x_wconf 93' lang='lat' dir='ltr'>duo</span> <span class='ocrx_word' id='word_1_53' title='bbox 1463 473 1501 522; x_wconf 23' lang='lat'><strong><em>..2:-</em></strong></span> 
     </span>
     <span class='ocr_line' id='line_1_17' title="bbox 233 526 1496 592; baseline -0.005 -11"><span class='ocrx_word' id='word_1_54' title='bbox 233 541 286 580; x_wconf 89' lang='lat' dir='ltr'>ab</span> <span class='ocrx_word' id='word_1_55' title='bbox 306 555 353 581; x_wconf 88' lang='lat' dir='ltr'>ea</span> <span class='ocrx_word' id='word_1_56' title='bbox 381 547 491 592; x_wconf 88' lang='lat' dir='ltr'>parte</span> <span class='ocrx_word' id='word_1_57' title='bbox 519 552 600 590; x_wconf 87' lang='lat' dir='ltr'>qua</span> <span class='ocrx_word' id='word_1_58' title='bbox 626 546 755 578; x_wconf 85' lang='lat' dir='ltr'>castra</span> <span class='ocrx_word' id='word_1_59' title='bbox 774 539 962 577; x_wconf 88' lang='lat' dir='ltr'>Romana</span> <span class='ocrx_word' id='word_1_60' title='bbox 983 543 1094 576; x_wconf 89' lang='lat' dir='ltr'>erant</span> <span class='ocrx_word' id='word_1_61' title='bbox 1113 535 1307 588; x_wconf 88' lang='lat' dir='ltr'>opponit:</span> <span class='ocrx_word' id='word_1_62' title='bbox 1334 535 1496 588; x_wconf 89' lang='lat' dir='ltr'>quing</span> <span class='ocrx_word' id='word_1_63' title='bbox 1488 526 1492 547; x_wconf 64' lang='lat'><em>³</em></span> 
     </span>
    </p>
   </div>
   <div class='ocr_carea' id='block_1_4' title="bbox 197 731 1542 1048">
    <p class='ocr_par' dir='ltr' id='par_1_4' title="bbox 197 731 1542 984">
     <span class='ocr_line' id='line_1_18' title="bbox 197 731 1496 779; baseline -0.003 -4"><span class='ocrx_word' id='word_1_64' title='bbox 197 749 215 779; x_wconf 81' lang='lat'><strong>3</strong></span> <span class='ocrx_word' id='word_1_65' title='bbox 234 743 417 775; x_wconf 91' lang='lat' dir='ltr'>uocasset</span> <span class='ocrx_word' id='word_1_66' title='bbox 436 749 497 774; x_wconf 90' lang='lat' dir='ltr'>res</span> <span class='ocrx_word' id='word_1_67' title='bbox 517 734 711 773; x_wconf 82' lang='lat' dir='ltr'>intentam</span> <span class='ocrx_word' id='word_1_68' title='bbox 731 735 783 773; x_wconf 90' lang='lat' dir='ltr'>ad</span> <span class='ocrx_word' id='word_1_69' title='bbox 804 732 940 773; x_wconf 85' lang='lat' dir='ltr'>omnia</span> <span class='ocrx_word' id='word_1_70' title='bbox 959 746 1166 772; x_wconf 88' lang='lat' dir='ltr'>occurrere</span> <span class='ocrx_word' id='word_1_71' title='bbox 1183 731 1306 772; x_wconf 89' lang='lat' dir='ltr'>iubet.</span> <span class='ocrx_word' id='word_1_72' title='bbox 1365 732 1496 772; x_wconf 76' lang='lat' dir='ltr'>Pate·‘</span> 
     </span>
     <span class='ocr_line' id='line_1_19' title="bbox 235 796 1486 852; baseline -0.002 -12"><span class='ocrx_word' id='word_1_73' title='bbox 235 801 381 841; x_wconf 92' lang='lat' dir='ltr'>deinde</span> <span class='ocrx_word' id='word_1_74' title='bbox 400 808 514 852; x_wconf 89' lang='lat' dir='ltr'>porta</span> <span class='ocrx_word' id='word_1_75' title='bbox 534 814 603 839; x_wconf 92' lang='lat' dir='ltr'>eos</span> <span class='ocrx_word' id='word_1_76' title='bbox 623 813 725 851; x_wconf 89' lang='lat' dir='ltr'>quos</span> <span class='ocrx_word' id='word_1_77' title='bbox 751 799 792 838; x_wconf 91' lang='lat' dir='ltr'>in</span> <span class='ocrx_word' id='word_1_78' title='bbox 818 800 886 839; x_wconf 88' lang='lat' dir='ltr'>uia</span> <span class='ocrx_word' id='word_1_79' title='bbox 909 800 1062 839; x_wconf 90' lang='lat' dir='ltr'>ferente</span> <span class='ocrx_word' id='word_1_80' title='bbox 1085 800 1140 839; x_wconf 87' lang='lat' dir='ltr'>ad</span> <span class='ocrx_word' id='word_1_81' title='bbox 1163 806 1290 838; x_wconf 87' lang='lat' dir='ltr'>castra</span> <span class='ocrx_word' id='word_1_82' title='bbox 1311 796 1486 838; x_wconf 86' lang='lat' dir='ltr'>hostiu-</span> 
     </span>
     <span class='ocr_line' id='line_1_20' title="bbox 236 863 1496 920; baseline -0.003 -13"><span class='ocrx_word' id='word_1_83' title='bbox 236 875 427 907; x_wconf 86' lang='lat' dir='ltr'>struxerat</span> <span class='ocrx_word' id='word_1_84' title='bbox 448 865 604 906; x_wconf 91' lang='lat' dir='ltr'>emittit.</span> <span class='ocrx_word' id='word_1_85' title='bbox 663 864 839 905; x_wconf 87' lang='lat' dir='ltr'>Romani</span> <span class='ocrx_word' id='word_1_86' title='bbox 866 865 969 904; x_wconf 92' lang='lat' dir='ltr'>duce</span> <span class='ocrx_word' id='word_1_87' title='bbox 996 864 1087 916; x_wconf 91' lang='lat' dir='ltr'>ipso</span> <span class='ocrx_word' id='word_1_88' title='bbox 1114 863 1385 916; x_wconf 88' lang='lat' dir='ltr'>praecipiente</span> <span class='ocrx_word' id='word_1_89' title='bbox 1445 892 1451 897; x_wconf 84' lang='lat'>-</span> <span class='ocrx_word' id='word_1_90' title='bbox 1495 917 1496 920; x_wconf 11' lang='grc' dir='ltr'><strong>Ἴ</strong></span> 
     </span>
     <span class='ocr_line' id='line_1_21' title="bbox 235 930 1542 984; baseline -0.002 -12"><span class='ocrx_word' id='word_1_91' title='bbox 235 947 304 984; x_wconf 87' lang='lat' dir='ltr'>per</span> <span class='ocrx_word' id='word_1_92' title='bbox 323 946 489 981; x_wconf 86' lang='lat' dir='ltr'>cessere,</span> <span class='ocrx_word' id='word_1_93' title='bbox 511 939 553 971; x_wconf 93' lang='lat' dir='ltr'>ut</span> <span class='ocrx_word' id='word_1_94' title='bbox 579 931 784 983; x_wconf 89' lang='lat' dir='ltr'>propiores</span> <span class='ocrx_word' id='word_1_95' title='bbox 814 930 1002 970; x_wconf 91' lang='lat' dir='ltr'>subsidiis</span> <span class='ocrx_word' id='word_1_96' title='bbox 1031 931 1074 971; x_wconf 92' lang='lat' dir='ltr'>in</span> <span class='ocrx_word' id='word_1_97' title='bbox 1101 931 1319 977; x_wconf 73' lang='lat' dir='ltr'>certamine</span> <span class='ocrx_word' id='word_1_98' title='bbox 1346 931 1436 981; x_wconf 92' lang='lat' dir='ltr'>ipso</span> <span class='ocrx_word' id='word_1_99' title='bbox 1466 942 1493 964; x_wconf 57' lang='lat'>2*</span> <span class='ocrx_word' id='word_1_100' title='bbox 1540 944 1542 947; x_wconf 75' lang='grc'>’</span> 
     </span>
    </p>

    <p class='ocr_par' dir='ltr' id='par_1_5' title="bbox 197 995 1494 1048">
     <span class='ocr_line' id='line_1_22' title="bbox 197 995 1494 1048; baseline 0 -12"><span class='ocrx_word' id='word_1_101' title='bbox 197 1014 218 1045; x_wconf 89' lang='lat'>4</span> <span class='ocrx_word' id='word_1_102' title='bbox 236 997 440 1037; x_wconf 86' lang='lat' dir='ltr'>mittendis</span> <span class='ocrx_word' id='word_1_103' title='bbox 474 1005 618 1036; x_wconf 88' lang='lat' dir='ltr'>essent.</span> <span class='ocrx_word' id='word_1_104' title='bbox 679 998 730 1036; x_wconf 92' lang='lat' dir='ltr'>Et</span> <span class='ocrx_word' id='word_1_105' title='bbox 762 996 892 1048; x_wconf 88' lang='lat' dir='ltr'>primo</span> <span class='ocrx_word' id='word_1_106' title='bbox 922 997 1032 1036; x_wconf 88' lang='lat' dir='ltr'>haud</span> <span class='ocrx_word' id='word_1_107' title='bbox 1062 995 1233 1048; x_wconf 87' lang='lat' dir='ltr'>impares</span> <span class='ocrx_word' id='word_1_108' title='bbox 1265 1002 1410 1036; x_wconf 91' lang='lat' dir='ltr'>stetere</span> <span class='ocrx_word' id='word_1_109' title='bbox 1434 1007 1494 1036; x_wconf 52' lang='lat' dir='ltr'>ass*</span> 
     </span>
    </p>
   </div>
   <div class='ocr_carea' id='block_1_5' title="bbox 236 1093 1540 1311">
    <p class='ocr_par' dir='ltr' id='par_1_6' title="bbox 236 1093 1540 1311">
     <span class='ocr_line' id='line_1_23' title="bbox 281 1093 1540 1138; baseline -0.002 -11"><span class='ocrx_word' id='word_1_110' title='bbox 281 1098 302 1127; x_wconf 88' lang='lat'><em>8</em></span> <span class='ocrx_word' id='word_1_111' title='bbox 324 1097 416 1127; x_wconf 90' lang='lat' dir='ltr'>omni</span> <span class='ocrx_word' id='word_1_112' title='bbox 435 1095 625 1136; x_wconf 85' lang='lat' dir='ltr'>Hispaniae</span> <span class='ocrx_word' id='word_1_113' title='bbox 642 1119 650 1127; x_wconf 97' lang='lat'><strong><em>.</em></strong></span> <span class='ocrx_word' id='word_1_114' title='bbox 670 1119 679 1128; x_wconf 89' lang='lat'><strong><em>.</em></strong></span> <span class='ocrx_word' id='word_1_115' title='bbox 698 1119 707 1128; x_wconf 88' lang='lat'><strong><em>.</em></strong></span> <span class='ocrx_word' id='word_1_116' title='bbox 726 1095 846 1126; x_wconf 89' lang='lat' dir='ltr'>Africa</span> <span class='ocrx_word' id='word_1_117' title='bbox 861 1094 912 1125; x_wconf 67' lang='lat' dir='ltr'>Aa</span> <span class='ocrx_word' id='word_1_118' title='bbox 932 1095 1032 1127; x_wconf 82' lang='lat' dir='ltr'><strong><em>Gron.</em></strong></span> <span class='ocrx_word' id='word_1_119' title='bbox 1051 1105 1061 1126; x_wconf 72' lang='grc' dir='ltr'>ι</span> <span class='ocrx_word' id='word_1_120' title='bbox 1084 1095 1196 1127; x_wconf 89' lang='lat' dir='ltr'>omnis</span> <span class='ocrx_word' id='word_1_121' title='bbox 1218 1093 1397 1135; x_wconf 84' lang='lat' dir='ltr'>hispaniae</span> <span class='ocrx_word' id='word_1_122' title='bbox 1419 1094 1434 1137; x_wconf 96' lang='lat'>(</span> <span class='ocrx_word' id='word_1_123' title='bbox 1464 1118 1467 1119; x_wconf 17' lang='grc' dir='ltr'><em>γ</em></span> <span class='ocrx_word' id='word_1_124' title='bbox 1491 1117 1497 1133; x_wconf 73' lang='lat' dir='ltr'><em>z</em></span> <span class='ocrx_word' id='word_1_125' title='bbox 1534 1132 1540 1138; x_wconf 30' lang='grc' dir='ltr'>ι</span> 
     </span>
     <span class='ocr_line' id='line_1_24' title="bbox 266 1137 1537 1181; baseline 0 -10"><span class='ocrx_word' id='word_1_126' title='bbox 266 1165 274 1172; x_wconf 91' lang='grc'>.</span> <span class='ocrx_word' id='word_1_127' title='bbox 294 1164 303 1172; x_wconf 95' lang='grc'><strong>.</strong></span> <span class='ocrx_word' id='word_1_128' title='bbox 321 1140 426 1171; x_wconf 88' lang='lat' dir='ltr'>africa</span> <span class='ocrx_word' id='word_1_129' title='bbox 443 1140 511 1181; x_wconf 81' lang='lat' dir='ltr'><em>(uel</em></span> <span class='ocrx_word' id='word_1_130' title='bbox 525 1140 616 1180; x_wconf 83' lang='lat' dir='ltr'>affr-)</span> <span class='ocrx_word' id='word_1_131' title='bbox 635 1144 661 1170; x_wconf 89' lang='grc' dir='ltr'>Θ</span> <span class='ocrx_word' id='word_1_132' title='bbox 678 1151 686 1171; x_wconf 78' lang='lat' dir='ltr'>t</span> <span class='ocrx_word' id='word_1_133' title='bbox 709 1139 822 1170; x_wconf 91' lang='lat' dir='ltr'>omnis</span> <span class='ocrx_word' id='word_1_134' title='bbox 839 1139 994 1179; x_wconf 88' lang='lat' dir='ltr'>hispania</span> <span class='ocrx_word' id='word_1_135' title='bbox 1010 1163 1020 1172; x_wconf 94' lang='lat'><strong><em>.</em></strong></span> <span class='ocrx_word' id='word_1_136' title='bbox 1038 1163 1048 1172; x_wconf 93' lang='lat'><strong><em>.</em></strong></span> <span class='ocrx_word' id='word_1_137' title='bbox 1068 1162 1078 1171; x_wconf 84' lang='lat'><strong><em>.</em></strong></span> <span class='ocrx_word' id='word_1_138' title='bbox 1095 1138 1236 1170; x_wconf 77' lang='lat' dir='ltr'>Africae</span> <span class='ocrx_word' id='word_1_139' title='bbox 1251 1138 1318 1171; x_wconf 83' lang='lat' dir='ltr'>ald.</span> <span class='ocrx_word' id='word_1_140' title='bbox 1336 1137 1432 1170; x_wconf 78' lang='lat' dir='ltr'><strong><em>Frob.</em></strong></span> <span class='ocrx_word' id='word_1_141' title='bbox 1449 1139 1488 1177; x_wconf 75' lang='lat'>1.[</span> <span class='ocrx_word' id='word_1_142' title='bbox 1535 1140 1537 1146; x_wconf 92' lang='lat'>&#39;</span> 
     </span>
     <span class='ocr_line' id='line_1_25' title="bbox 236 1181 1489 1224; baseline -0.001 -9"><span class='ocrx_word' id='word_1_143' title='bbox 236 1183 319 1215; x_wconf 85' lang='lat' dir='ltr'>Post</span> <span class='ocrx_word' id='word_1_144' title='bbox 328 1184 477 1214; x_wconf 87' lang='lat' dir='ltr'>imminet</span> <span class='ocrx_word' id='word_1_145' title='bbox 488 1183 606 1214; x_wconf 84' lang='lat' dir='ltr'>Africa</span> <span class='ocrx_word' id='word_1_146' title='bbox 618 1183 693 1224; x_wconf 83' lang='lat' dir='ltr'>(sed</span> <span class='ocrx_word' id='word_1_147' title='bbox 692 1188 770 1223; x_wconf 82' lang='lat' dir='ltr'>post</span> <span class='ocrx_word' id='word_1_148' title='bbox 780 1183 871 1214; x_wconf 90' lang='lat' dir='ltr'>luctu</span> <span class='ocrx_word' id='word_1_149' title='bbox 885 1193 986 1223; x_wconf 89' lang='lat' dir='ltr'>quam</span> <span class='ocrx_word' id='word_1_150' title='bbox 1000 1187 1120 1215; x_wconf 85' lang='lat' dir='ltr'>nostro</span> <span class='ocrx_word' id='word_1_151' title='bbox 1130 1182 1338 1214; x_wconf 83' lang='lat' dir='ltr'>transissent</span> <span class='ocrx_word' id='word_1_152' title='bbox 1352 1181 1416 1222; x_wconf 84' lang='lat' dir='ltr'>VF,</span> <span class='ocrx_word' id='word_1_153' title='bbox 1428 1192 1464 1214; x_wconf 84' lang='lat' dir='ltr'><strong><em>u.</em></strong></span> <span class='ocrx_word' id='word_1_154' title='bbox 1482 1185 1489 1223; x_wconf 66' lang='grc' dir='ltr'>ζ</span> 
     </span>
     <span class='ocr_line' id='line_1_26' title="bbox 243 1225 1476 1268; baseline -0.002 -9"><span class='ocrx_word' id='word_1_155' title='bbox 243 1229 281 1259; x_wconf 94' lang='lat'>18</span> <span class='ocrx_word' id='word_1_156' title='bbox 297 1227 391 1268; x_wconf 87' lang='lat' dir='ltr'>adn.)</span> <span class='ocrx_word' id='word_1_157' title='bbox 411 1231 443 1258; x_wconf 78' lang='lat' dir='ltr'>et</span> <span class='ocrx_word' id='word_1_158' title='bbox 461 1232 537 1258; x_wconf 81' lang='lat' dir='ltr'>ante</span> <span class='ocrx_word' id='word_1_159' title='bbox 550 1227 637 1258; x_wconf 92' lang='lat' dir='ltr'>Cum</span> <span class='ocrx_word' id='word_1_160' title='bbox 655 1231 746 1258; x_wconf 88' lang='lat' dir='ltr'>terra</span> <span class='ocrx_word' id='word_1_161' title='bbox 764 1228 802 1268; x_wconf 88' lang='lat' dir='ltr'>(c.</span> <span class='ocrx_word' id='word_1_162' title='bbox 821 1237 876 1266; x_wconf 91' lang='lat'>44.</span> <span class='ocrx_word' id='word_1_163' title='bbox 897 1228 929 1265; x_wconf 74' lang='grc' dir='ltr'>Ι)</span> <span class='ocrx_word' id='word_1_164' title='bbox 943 1227 1102 1268; x_wconf 81' lang='lat' dir='ltr'>praebent</span> <span class='ocrx_word' id='word_1_165' title='bbox 1116 1237 1194 1259; x_wconf 89' lang='lat' dir='ltr'>cum</span> <span class='ocrx_word' id='word_1_166' title='bbox 1216 1226 1357 1258; x_wconf 78' lang='lat' dir='ltr'>mmutis</span> <span class='ocrx_word' id='word_1_167' title='bbox 1376 1236 1423 1258; x_wconf 87' lang='lat' dir='ltr'>ua</span> <span class='ocrx_word' id='word_1_168' title='bbox 1449 1225 1476 1256; x_wconf 54' lang='lat'>‘1:-</span> 
     </span>
     <span class='ocr_line' id='line_1_27' title="bbox 238 1268 1534 1311; baseline 0.001 -9"><span class='ocrx_word' id='word_1_169' title='bbox 238 1273 299 1302; x_wconf 85' lang='lat' dir='ltr'>bus</span> <span class='ocrx_word' id='word_1_170' title='bbox 323 1272 383 1302; x_wconf 82' lang='lat' dir='ltr'>hoc</span> <span class='ocrx_word' id='word_1_171' title='bbox 405 1271 672 1311; x_wconf 77' lang='lat' dir='ltr'>supplementum</span> <span class='ocrx_word' id='word_1_172' title='bbox 697 1271 747 1300; x_wconf 85' lang='lat' dir='ltr'>A¹</span> <span class='ocrx_word' id='word_1_173' title='bbox 779 1270 853 1311; x_wconf 74' lang='lat' dir='ltr'><em>(&#39;ubz</em></span> <span class='ocrx_word' id='word_1_174' title='bbox 877 1271 989 1301; x_wconf 80' lang='lat' dir='ltr'>minor</span> <span class='ocrx_word' id='word_1_175' title='bbox 1017 1270 1150 1311; x_wconf 84' lang='lat' dir='ltr'>quidem</span> <span class='ocrx_word' id='word_1_176' title='bbox 1174 1270 1339 1311; x_wconf 74' lang='lat' dir='ltr'>scn’piura</span> <span class='ocrx_word' id='word_1_177' title='bbox 1368 1268 1430 1301; x_wconf 80' lang='lat' dir='ltr'>sed</span> <span class='ocrx_word' id='word_1_178' title='bbox 1479 1269 1486 1308; x_wconf 62' lang='grc' dir='ltr'>’ζ</span> <span class='ocrx_word' id='word_1_179' title='bbox 1531 1270 1534 1309; x_wconf 33' lang='grc' dir='ltr'><strong><em>ζ</em></strong></span> 
     </span>
    </p>
   </div>
   <div class='ocr_carea' id='block_1_6' title="bbox 240 1439 1525 2535">
    <p class='ocr_par' dir='ltr' id='par_1_7' title="bbox 240 1439 1525 1748">
     <span class='ocr_line' id='line_1_28' title="bbox 240 1439 1482 1487; baseline 0 -11"><span class='ocrx_word' id='word_1_180' title='bbox 240 1456 359 1477; x_wconf 88' lang='lat' dir='ltr'>omnes</span> <span class='ocrx_word' id='word_1_181' title='bbox 386 1456 454 1476; x_wconf 89' lang='lat' dir='ltr'>una</span> <span class='ocrx_word' id='word_1_182' title='bbox 479 1455 566 1476; x_wconf 92' lang='lat' dir='ltr'>uoce</span> <span class='ocrx_word' id='word_1_183' title='bbox 595 1446 660 1476; x_wconf 90' lang='lat' dir='ltr'>hoc</span> <span class='ocrx_word' id='word_1_184' title='bbox 688 1445 882 1476; x_wconf 83' lang='lat' dir='ltr'>faciendum</span> <span class='ocrx_word' id='word_1_185' title='bbox 917 1446 996 1487; x_wconf 79' lang='lat' dir='ltr'>&lt;hoc</span> <span class='ocrx_word' id='word_1_186' title='bbox 1023 1445 1046 1476; x_wconf 85' lang='lat' dir='ltr'><strong><em>f.</em></strong></span> <span class='ocrx_word' id='word_1_187' title='bbox 1075 1455 1142 1476; x_wconf 90' lang='lat' dir='ltr'>una</span> <span class='ocrx_word' id='word_1_188' title='bbox 1173 1455 1205 1476; x_wconf 94' lang='lat' dir='ltr'>u.</span> <span class='ocrx_word' id='word_1_189' title='bbox 1238 1444 1292 1485; x_wconf 89' lang='lat' dir='ltr'>K)</span> <span class='ocrx_word' id='word_1_190' title='bbox 1323 1439 1482 1476; x_wconf 63' lang='lat' dir='ltr'>succlau?</span> 
     </span>
     <span class='ocr_line' id='line_1_29' title="bbox 242 1487 1471 1531; baseline -0.001 -11"><span class='ocrx_word' id='word_1_191' title='bbox 242 1491 268 1531; x_wconf 94' lang='lat'>(-</span> <span class='ocrx_word' id='word_1_192' title='bbox 257 1493 387 1520; x_wconf 88' lang='lat' dir='ltr'>-assent</span> <span class='ocrx_word' id='word_1_193' title='bbox 409 1489 484 1530; x_wconf 79' lang='lat' dir='ltr'>YF)</span> <span class='ocrx_word' id='word_1_194' title='bbox 502 1499 562 1520; x_wconf 91' lang='lat' dir='ltr'>eos</span> <span class='ocrx_word' id='word_1_195' title='bbox 579 1488 796 1528; x_wconf 86' lang='lat' dir='ltr'>Cartaginem</span> <span class='ocrx_word' id='word_1_196' title='bbox 813 1489 919 1520; x_wconf 84' lang='lat' dir='ltr'>duxit.</span> <span class='ocrx_word' id='word_1_197' title='bbox 960 1489 1058 1520; x_wconf 89' lang='lat' dir='ltr'>Tunc</span> <span class='ocrx_word' id='word_1_198' title='bbox 1073 1490 1159 1530; x_wconf 82' lang='lat' dir='ltr'>(tum</span> <span class='ocrx_word' id='word_1_199' title='bbox 1170 1487 1303 1529; x_wconf 86' lang='lat' dir='ltr'><strong><em>X.ald.)</em></strong></span> <span class='ocrx_word' id='word_1_200' title='bbox 1316 1492 1450 1520; x_wconf 80' lang='lat' dir='ltr'>terram</span> <span class='ocrx_word' id='word_1_201' title='bbox 1466 1487 1471 1498; x_wconf 68' lang='lat'>¹</span> 
     </span>
     <span class='ocr_line' id='line_1_30' title="bbox 241 1531 1450 1583; baseline -0.002 -19"><span class='ocrx_word' id='word_1_202' title='bbox 241 1544 315 1564; x_wconf 89' lang='lat' dir='ltr'>eam</span> <span class='ocrx_word' id='word_1_203' title='bbox 332 1532 525 1583; x_wconf 76' lang='lat' dir='ltr'>oppugnari</span> <span class='ocrx_word' id='word_1_204' title='bbox 541 1533 645 1564; x_wconf 89' lang='lat' dir='ltr'>iubet.</span> <span class='ocrx_word' id='word_1_205' title='bbox 694 1532 824 1563; x_wconf 89' lang='lat' dir='ltr'>Contra</span> <span class='ocrx_word' id='word_1_206' title='bbox 842 1532 943 1571; x_wconf 83' lang='lat' dir='ltr'>Mago</span> <span class='ocrx_word' id='word_1_207' title='bbox 962 1533 1033 1564; x_wconf 89' lang='lat' dir='ltr'>dux</span> <span class='ocrx_word' id='word_1_208' title='bbox 1052 1533 1246 1564; x_wconf 89' lang='lat' dir='ltr'>Poenorum</span> <span class='ocrx_word' id='word_1_209' title='bbox 1267 1532 1336 1574; x_wconf 84' lang='lat' dir='ltr'><em>(uel</em></span> <span class='ocrx_word' id='word_1_210' title='bbox 1353 1541 1435 1573; x_wconf 83' lang='lat' dir='ltr'>pen·</span> <span class='ocrx_word' id='word_1_211' title='bbox 1421 1531 1450 1573; x_wconf 91' lang='lat'>-)</span> 
     </span>
     <span class='ocr_line' id='line_1_31' title="bbox 241 1575 1477 1617; baseline 0 -10"><span class='ocrx_word' id='word_1_212' title='bbox 241 1577 356 1608; x_wconf 86' lang='lat' dir='ltr'>omnia</span> <span class='ocrx_word' id='word_1_213' title='bbox 387 1580 426 1607; x_wconf 88' lang='lat' dir='ltr'>ut</span> <span class='ocrx_word' id='word_1_214' title='bbox 453 1576 569 1616; x_wconf 78' lang='lat' dir='ltr'>spuma</span> <span class='ocrx_word' id='word_1_215' title='bbox 599 1576 715 1607; x_wconf 79' lang='lat' dir='ltr'>deleuit</span> <span class='ocrx_word' id='word_1_216' title='bbox 740 1575 953 1617; x_wconf 81' lang='lat' dir='ltr'>Heerwagen,</span> <span class='ocrx_word' id='word_1_217' title='bbox 984 1580 1082 1608; x_wconf 82' lang='lat' dir='ltr'>recte:</span> <span class='ocrx_word' id='word_1_218' title='bbox 1116 1576 1272 1608; x_wconf 83' lang='lat' dir='ltr'>lacunam</span> <span class='ocrx_word' id='word_1_219' title='bbox 1302 1575 1354 1607; x_wconf 77' lang='lat' dir='ltr'>hic</span> <span class='ocrx_word' id='word_1_220' title='bbox 1379 1584 1470 1607; x_wconf 76' lang='lat' dir='ltr'>esse</span> <span class='ocrx_word' id='word_1_221' title='bbox 1474 1579 1477 1584; x_wconf 83' lang='grc'><strong>“</strong></span> 
     </span>
     <span class='ocr_line' id='line_1_32' title="bbox 241 1619 1525 1661; baseline 0 -10"><span class='ocrx_word' id='word_1_222' title='bbox 241 1620 289 1652; x_wconf 89' lang='grc' dir='ltr'>Η.</span> <span class='ocrx_word' id='word_1_223' title='bbox 307 1619 496 1651; x_wconf 75' lang='lat' dir='ltr'>Bemhardt</span> <span class='ocrx_word' id='word_1_224' title='bbox 509 1624 539 1650; x_wconf 78' lang='lat' dir='ltr'>et</span> <span class='ocrx_word' id='word_1_225' title='bbox 547 1624 610 1660; x_wconf 85' lang='lat' dir='ltr'>pro</span> <span class='ocrx_word' id='word_1_226' title='bbox 629 1623 822 1650; x_wconf 86' lang='lat' dir='ltr'>armauerat</span> <span class='ocrx_word' id='word_1_227' title='bbox 840 1621 890 1660; x_wconf 90' lang='lat' dir='ltr'><strong><em>(u.</em></strong></span> <span class='ocrx_word' id='word_1_228' title='bbox 908 1619 988 1652; x_wconf 84' lang='lat' dir='ltr'>adn.</span> <span class='ocrx_word' id='word_1_229' title='bbox 1005 1619 1071 1661; x_wconf 85' lang='lat' dir='ltr'>sq.)</span> <span class='ocrx_word' id='word_1_230' title='bbox 1082 1620 1215 1661; x_wconf 80' lang='lat' dir='ltr'>praebet</span> <span class='ocrx_word' id='word_1_231' title='bbox 1229 1619 1331 1659; x_wconf 84' lang='lat' dir='ltr'>Mago</span> <span class='ocrx_word' id='word_1_232' title='bbox 1352 1619 1484 1660; x_wconf 79' lang='lat' dir='ltr'>(Mago</span> <span class='ocrx_word' id='word_1_233' title='bbox 1524 1656 1525 1659; x_wconf 13' lang='grc' dir='ltr'><strong>Ἰ</strong></span> 
     </span>
     <span class='ocr_line' id='line_1_33' title="bbox 241 1659 1481 1706; baseline 0 -11"><span class='ocrx_word' id='word_1_234' title='bbox 241 1668 343 1704; x_wconf 84' lang='lat' dir='ltr'>supra</span> <span class='ocrx_word' id='word_1_235' title='bbox 359 1663 504 1703; x_wconf 75' lang='lat' dir='ltr'>delens):</span> <span class='ocrx_word' id='word_1_236' title='bbox 526 1663 585 1694; x_wconf 78' lang='lat' dir='ltr'>sed</span> <span class='ocrx_word' id='word_1_237' title='bbox 598 1667 636 1694; x_wconf 89' lang='lat' dir='ltr'>ut</span> <span class='ocrx_word' id='word_1_238' title='bbox 654 1663 721 1694; x_wconf 85' lang='lat' dir='ltr'>alia</span> <span class='ocrx_word' id='word_1_239' title='bbox 737 1667 904 1695; x_wconf 84' lang='lat' dir='ltr'>taceamus</span> <span class='ocrx_word' id='word_1_240' title='bbox 926 1664 978 1705; x_wconf 74' lang='lat' dir='ltr'>(cf.</span> <span class='ocrx_word' id='word_1_241' title='bbox 998 1663 1106 1705; x_wconf 83' lang='lat' dir='ltr'>Praes</span> <span class='ocrx_word' id='word_1_242' title='bbox 1129 1665 1145 1702; x_wconf 71' lang='grc'><strong>5</strong></span> <span class='ocrx_word' id='word_1_243' title='bbox 1168 1663 1212 1703; x_wconf 87' lang='grc'>89</span> <span class='ocrx_word' id='word_1_244' title='bbox 1248 1663 1309 1706; x_wconf 80' lang='lat' dir='ltr'>)et</span> <span class='ocrx_word' id='word_1_245' title='bbox 1323 1662 1417 1704; x_wconf 79' lang='lat' dir='ltr'>defici</span> <span class='ocrx_word' id='word_1_246' title='bbox 1460 1659 1481 1685; x_wconf 49' lang='grc' dir='ltr'>Γ</span> 
     </span>
     <span class='ocr_line' id='line_1_34' title="bbox 242 1707 932 1748; baseline -0.001 -9"><span class='ocrx_word' id='word_1_247' title='bbox 242 1719 278 1739; x_wconf 87' lang='lat' dir='ltr'>m</span> <span class='ocrx_word' id='word_1_248' title='bbox 295 1707 321 1739; x_wconf 90' lang='grc' dir='ltr'><strong>Π</strong></span> <span class='ocrx_word' id='word_1_249' title='bbox 338 1709 368 1738; x_wconf 83' lang='lat' dir='ltr'>et</span> <span class='ocrx_word' id='word_1_250' title='bbox 383 1707 417 1738; x_wconf 79' lang='lat' dir='ltr'>in</span> <span class='ocrx_word' id='word_1_251' title='bbox 432 1707 481 1747; x_wconf 85' lang='lat' dir='ltr'>Sp</span> <span class='ocrx_word' id='word_1_252' title='bbox 498 1707 547 1748; x_wconf 84' lang='lat' dir='ltr'>(u.</span> <span class='ocrx_word' id='word_1_253' title='bbox 566 1709 582 1745; x_wconf 72' lang='grc'><strong>5</strong></span> <span class='ocrx_word' id='word_1_254' title='bbox 603 1709 625 1738; x_wconf 88' lang='grc'>6</span> <span class='ocrx_word' id='word_1_255' title='bbox 641 1707 734 1746; x_wconf 77' lang='lat' dir='ltr'>adn.)</span> <span class='ocrx_word' id='word_1_256' title='bbox 752 1707 811 1747; x_wconf 79' lang='lat' dir='ltr'>de</span> <span class='ocrx_word' id='word_1_257' title='bbox 803 1711 932 1738; x_wconf 77' lang='lat' dir='ltr'>ecerunt</span> 
     </span>
    </p>

    <p class='ocr_par' dir='ltr' id='par_1_8' title="bbox 243 1746 1525 2535">
     <span class='ocr_line' id='line_1_35' title="bbox 287 1746 1525 1794; baseline 0.001 -13"><span class='ocrx_word' id='word_1_258' title='bbox 287 1757 340 1791; x_wconf 88' lang='lat'>44</span> <span class='ocrx_word' id='word_1_259' title='bbox 366 1760 380 1781; x_wconf 96' lang='lat'>1</span> <span class='ocrx_word' id='word_1_260' title='bbox 406 1755 595 1781; x_wconf 87' lang='lat' dir='ltr'>armauerat</span> <span class='ocrx_word' id='word_1_261' title='bbox 617 1751 658 1788; x_wconf 86' lang='grc' dir='ltr'>Π,</span> <span class='ocrx_word' id='word_1_262' title='bbox 675 1750 766 1790; x_wconf 87' lang='lat' dir='ltr'>quod</span> <span class='ocrx_word' id='word_1_263' title='bbox 778 1754 856 1791; x_wconf 82' lang='lat' dir='ltr'>post</span> <span class='ocrx_word' id='word_1_264' title='bbox 876 1751 967 1782; x_wconf 85' lang='lat' dir='ltr'>luctu</span> <span class='ocrx_word' id='word_1_265' title='bbox 988 1762 1088 1791; x_wconf 90' lang='lat' dir='ltr'>quam</span> <span class='ocrx_word' id='word_1_266' title='bbox 1112 1750 1202 1793; x_wconf 78' lang='lat' dir='ltr'>(uide</span> <span class='ocrx_word' id='word_1_267' title='bbox 1215 1761 1240 1784; x_wconf 90' lang='lat' dir='ltr'>c.</span> <span class='ocrx_word' id='word_1_268' title='bbox 1256 1751 1368 1791; x_wconf 86' lang='lat'><strong><em>41.18</em></strong></span> <span class='ocrx_word' id='word_1_269' title='bbox 1382 1748 1460 1782; x_wconf 80' lang='lat' dir='ltr'>adn.</span> <span class='ocrx_word' id='word_1_270' title='bbox 1466 1746 1475 1771; x_wconf 62' lang='grc' dir='ltr'>Τ</span> <span class='ocrx_word' id='word_1_271' title='bbox 1520 1774 1525 1794; x_wconf 69' lang='lat'>³,</span> 
     </span>
     <span class='ocr_line' id='line_1_36' title="bbox 244 1792 1521 1836; baseline 0.001 -11"><span class='ocrx_word' id='word_1_272' title='bbox 244 1794 418 1827; x_wconf 66' lang='lat' dir='ltr'>anteruallo</span> <span class='ocrx_word' id='word_1_273' title='bbox 439 1795 585 1825; x_wconf 80' lang='lat' dir='ltr'>scribunt</span> <span class='ocrx_word' id='word_1_274' title='bbox 608 1794 702 1835; x_wconf 83' lang='lat' dir='ltr'>(post</span> <span class='ocrx_word' id='word_1_275' title='bbox 724 1804 809 1834; x_wconf 79' lang='lat' dir='ltr'>quae</span> <span class='ocrx_word' id='word_1_276' title='bbox 830 1795 980 1835; x_wconf 78' lang='lat' dir='ltr'>spatzum</span> <span class='ocrx_word' id='word_1_277' title='bbox 1003 1796 1037 1827; x_wconf 83' lang='lat' dir='ltr'>iv</span> <span class='ocrx_word' id='word_1_278' title='bbox 1059 1795 1120 1828; x_wconf 81' lang='lat' dir='ltr'>litt.</span> <span class='ocrx_word' id='word_1_279' title='bbox 1146 1795 1275 1836; x_wconf 82' lang='lat' dir='ltr'>reliquit</span> <span class='ocrx_word' id='word_1_280' title='bbox 1295 1794 1337 1835; x_wconf 87' lang='lat' dir='ltr'>P,</span> <span class='ocrx_word' id='word_1_281' title='bbox 1361 1798 1392 1826; x_wconf 82' lang='lat' dir='ltr'>et</span> <span class='ocrx_word' id='word_1_282' title='bbox 1413 1793 1441 1826; x_wconf 90' lang='lat' dir='ltr'><strong>C</strong></span> <span class='ocrx_word' id='word_1_283' title='bbox 1456 1832 1461 1834; x_wconf 88' lang='lat'><strong><em>.</em></strong></span> <span class='ocrx_word' id='word_1_284' title='bbox 1520 1792 1521 1795; x_wconf 35' lang='lat'>¹</span> 
     </span>
     <span class='ocr_line' id='line_1_37' title="bbox 243 1836 1522 1881; baseline 0.002 -12"><span class='ocrx_word' id='word_1_285' title='bbox 243 1848 380 1879; x_wconf 85' lang='lat' dir='ltr'>sequens</span> <span class='ocrx_word' id='word_1_286' title='bbox 402 1838 539 1879; x_wconf 81' lang='lat' dir='ltr'>capitali</span> <span class='ocrx_word' id='word_1_287' title='bbox 557 1838 662 1868; x_wconf 83' lang='lat' dir='ltr'>littera</span> <span class='ocrx_word' id='word_1_288' title='bbox 688 1838 833 1869; x_wconf 74' lang='lat' dir='ltr'>scribunt</span> <span class='ocrx_word' id='word_1_289' title='bbox 857 1837 1002 1880; x_wconf 86' lang='lat' dir='ltr'><em>RMD):</em></span> <span class='ocrx_word' id='word_1_290' title='bbox 1033 1839 1094 1870; x_wconf 75' lang='lat' dir='ltr'>del.</span> <span class='ocrx_word' id='word_1_291' title='bbox 1116 1839 1194 1871; x_wconf 62' lang='lat' dir='ltr'>Aac:</span> <span class='ocrx_word' id='word_1_292' title='bbox 1224 1839 1385 1881; x_wconf 48' lang='lat' dir='ltr'>zssgnorant</span> <span class='ocrx_word' id='word_1_293' title='bbox 1409 1836 1442 1871; x_wconf 84' lang='lat' dir='ltr'><em>V</em></span> <span class='ocrx_word' id='word_1_294' title='bbox 1448 1848 1471 1880; x_wconf 49' lang='grc' dir='ltr'>’ζ</span> <span class='ocrx_word' id='word_1_295' title='bbox 1520 1862 1522 1866; x_wconf 67' lang='lat'>,</span> 
     </span>
     <span class='ocr_line' id='line_1_38' title="bbox 243 1879 1520 1923; baseline 0.002 -11"><span class='ocrx_word' id='word_1_296' title='bbox 243 1881 339 1913; x_wconf 83' lang='lat' dir='ltr'>Frob.</span> <span class='ocrx_word' id='word_1_297' title='bbox 357 1891 386 1914; x_wconf 89' lang='lat'><strong><em>1.</em></strong></span> <span class='ocrx_word' id='word_1_298' title='bbox 406 1892 426 1912; x_wconf 88' lang='lat'>2</span> <span class='ocrx_word' id='word_1_299' title='bbox 607 1881 756 1921; x_wconf 86' lang='lat' dir='ltr'>disponit</span> <span class='ocrx_word' id='word_1_300' title='bbox 775 1882 800 1913; x_wconf 94' lang='grc' dir='ltr'><strong>Π</strong></span> <span class='ocrx_word' id='word_1_301' title='bbox 800 1881 937 1920; x_wconf 82' lang='lat' dir='ltr'>JZ.ald.</span> <span class='ocrx_word' id='word_1_302' title='bbox 953 1894 961 1914; x_wconf 89' lang='lat'><strong>:</strong></span> <span class='ocrx_word' id='word_1_303' title='bbox 985 1883 1151 1923; x_wconf 88' lang='lat' dir='ltr'>disposuit</span> <span class='ocrx_word' id='word_1_304' title='bbox 1169 1882 1206 1914; x_wconf 87' lang='grc' dir='ltr'><em>Κ</em></span> <span class='ocrx_word' id='word_1_305' title='bbox 1210 1882 1241 1914; x_wconf 82' lang='lat' dir='ltr'><strong><em>Y</em></strong></span> <span class='ocrx_word' id='word_1_306' title='bbox 1412 1891 1435 1914; x_wconf 71' lang='lat'>2</span> <span class='ocrx_word' id='word_1_307' title='bbox 1518 1879 1520 1885; x_wconf 85' lang='lat'>&#39;</span> 
     </span>
     <span class='ocr_line' id='line_1_39' title="bbox 244 1924 1429 1967; baseline 0.002 -11"><span class='ocrx_word' id='word_1_308' title='bbox 244 1924 358 1957; x_wconf 83' lang='lat' dir='ltr'>Madv.</span> <span class='ocrx_word' id='word_1_309' title='bbox 375 1925 454 1957; x_wconf 88' lang='lat' dir='ltr'>Em.</span> <span class='ocrx_word' id='word_1_310' title='bbox 467 1929 502 1966; x_wconf 83' lang='lat' dir='ltr'>p.</span> <span class='ocrx_word' id='word_1_311' title='bbox 522 1925 603 1964; x_wconf 84' lang='lat'>389:</span> <span class='ocrx_word' id='word_1_312' title='bbox 629 1925 756 1956; x_wconf 88' lang='lat' dir='ltr'>insedit</span> <span class='ocrx_word' id='word_1_313' title='bbox 774 1925 905 1964; x_wconf 66' lang='lat' dir='ltr'>nealal„</span> <span class='ocrx_word' id='word_1_314' title='bbox 928 1925 989 1957; x_wconf 84' lang='lat' dir='ltr'>uix</span> <span class='ocrx_word' id='word_1_315' title='bbox 1009 1929 1085 1957; x_wconf 81' lang='lat' dir='ltr'>recte</span> <span class='ocrx_word' id='word_1_316' title='bbox 1103 1927 1155 1958; x_wconf 77' lang='lat' dir='ltr'>hic</span> <span class='ocrx_word' id='word_1_317' title='bbox 1171 1926 1357 1967; x_wconf 69' lang='lat' dir='ltr'>Perfectum</span> <span class='ocrx_word' id='word_1_318' title='bbox 1386 1940 1394 1952; x_wconf 68' lang='grc' dir='ltr'>ι</span> <span class='ocrx_word' id='word_1_319' title='bbox 1423 1942 1429 1951; x_wconf 63' lang='lat' dir='ltr'>r</span> 
     </span>
     <span class='ocr_line' id='line_1_40' title="bbox 247 1968 1518 2010; baseline 0.003 -12"><span class='ocrx_word' id='word_1_320' title='bbox 247 1968 349 2009; x_wconf 82' lang='lat' dir='ltr'>Quod</span> <span class='ocrx_word' id='word_1_321' title='bbox 367 1972 478 1999; x_wconf 85' lang='lat' dir='ltr'>autem</span> <span class='ocrx_word' id='word_1_322' title='bbox 499 1968 546 1999; x_wconf 81' lang='lat' dir='ltr'>ad</span> <span class='ocrx_word' id='word_1_323' title='bbox 564 1969 712 2000; x_wconf 74' lang='lat' dir='ltr'>insidere</span> <span class='ocrx_word' id='word_1_324' title='bbox 734 1969 850 2000; x_wconf 80' lang='lat' dir='ltr'>attinet</span> <span class='ocrx_word' id='word_1_325' title='bbox 869 1969 905 2010; x_wconf 74' lang='lat' dir='ltr'>qfi</span> <span class='ocrx_word' id='word_1_326' title='bbox 922 1979 952 2008; x_wconf 85' lang='lat'><strong><em>3.</em></strong></span> <span class='ocrx_word' id='word_1_327' title='bbox 973 1980 1026 2009; x_wconf 90' lang='lat'>50.</span> <span class='ocrx_word' id='word_1_328' title='bbox 1047 1979 1097 2010; x_wconf 84' lang='lat'>13,</span> <span class='ocrx_word' id='word_1_329' title='bbox 1123 1969 1214 2010; x_wconf 84' lang='lat' dir='ltr'><em>quod</em></span> <span class='ocrx_word' id='word_1_330' title='bbox 1232 1970 1280 2002; x_wconf 85' lang='lat' dir='ltr'>ad</span> <span class='ocrx_word' id='word_1_331' title='bbox 1299 1969 1460 2002; x_wconf 61' lang='lat' dir='ltr'>insidere</span> <span class='ocrx_word' id='word_1_332' title='bbox 1515 1968 1518 2004; x_wconf 70' lang='lat' dir='ltr'><strong><em>s</em></strong></span> 
     </span>
     <span class='ocr_line' id='line_1_41' title="bbox 247 2012 1519 2059; baseline 0.002 -16"><span class='ocrx_word' id='word_1_333' title='bbox 247 2012 420 2044; x_wconf 80' lang='lat' dir='ltr'>transitiuo</span> <span class='ocrx_word' id='word_1_334' title='bbox 433 2013 470 2053; x_wconf 74' lang='lat' dir='ltr'><strong><em>cf.</em></strong></span> <span class='ocrx_word' id='word_1_335' title='bbox 486 2023 538 2043; x_wconf 89' lang='lat'>21.</span> <span class='ocrx_word' id='word_1_336' title='bbox 552 2022 602 2052; x_wconf 87' lang='lat'>54.</span> <span class='ocrx_word' id='word_1_337' title='bbox 616 2023 635 2051; x_wconf 88' lang='lat'><strong>3</strong></span> <span class='ocrx_word' id='word_1_338' title='bbox 652 2015 743 2054; x_wconf 82' lang='lat' dir='ltr'>(cum</span> <span class='ocrx_word' id='word_1_339' title='bbox 753 2012 859 2054; x_wconf 60' lang='lat' dir='ltr'>adm).</span> <span class='ocrx_word' id='word_1_340' title='bbox 904 2013 981 2044; x_wconf 82' lang='lat' dir='ltr'>Hos</span> <span class='ocrx_word' id='word_1_341' title='bbox 989 2014 1075 2045; x_wconf 84' lang='lat' dir='ltr'>duos</span> <span class='ocrx_word' id='word_1_342' title='bbox 1086 2018 1221 2045; x_wconf 79' lang='lat' dir='ltr'>tantum</span> <span class='ocrx_word' id='word_1_343' title='bbox 1234 2013 1318 2046; x_wconf 85' lang='lat' dir='ltr'>locos</span> <span class='ocrx_word' id='word_1_344' title='bbox 1327 2013 1422 2055; x_wconf 84' lang='lat' dir='ltr'>apud</span> <span class='ocrx_word' id='word_1_345' title='bbox 1514 2046 1519 2059; x_wconf 51' lang='grc'><strong>,</strong></span> 
     </span>
     <span class='ocr_line' id='line_1_42' title="bbox 246 2055 1518 2098; baseline 0.002 -11"><span class='ocrx_word' id='word_1_346' title='bbox 246 2055 354 2087; x_wconf 86' lang='lat' dir='ltr'>adhuc</span> <span class='ocrx_word' id='word_1_347' title='bbox 369 2057 569 2096; x_wconf 78' lang='lat' dir='ltr'>repperimus</span> <span class='ocrx_word' id='word_1_348' title='bbox 596 2057 656 2087; x_wconf 83' lang='lat' dir='ltr'>ubi</span> <span class='ocrx_word' id='word_1_349' title='bbox 661 2057 799 2097; x_wconf 84' lang='lat' dir='ltr'>formae</span> <span class='ocrx_word' id='word_1_350' title='bbox 827 2067 881 2087; x_wconf 79' lang='lat' dir='ltr'>eac</span> <span class='ocrx_word' id='word_1_351' title='bbox 910 2061 1084 2088; x_wconf 85' lang='lat' dir='ltr'>occurrunt</span> <span class='ocrx_word' id='word_1_352' title='bbox 1111 2068 1199 2098; x_wconf 83' lang='lat' dir='ltr'>quas</span> <span class='ocrx_word' id='word_1_353' title='bbox 1227 2068 1296 2089; x_wconf 83' lang='lat' dir='ltr'>non</span> <span class='ocrx_word' id='word_1_354' title='bbox 1325 2056 1374 2090; x_wconf 86' lang='lat' dir='ltr'>ad</span> <span class='ocrx_word' id='word_1_355' title='bbox 1463 2056 1467 2058; x_wconf 44' lang='lat'>⁸</span> <span class='ocrx_word' id='word_1_356' title='bbox 1515 2090 1518 2098; x_wconf 75' lang='grc'>,</span> 
     </span>
     <span class='ocr_line' id='line_1_43' title="bbox 243 2099 1451 2142; baseline 0.002 -12"><span class='ocrx_word' id='word_1_357' title='bbox 243 2102 372 2141; x_wconf 82' lang='lat' dir='ltr'>partem</span> <span class='ocrx_word' id='word_1_358' title='bbox 397 2100 508 2140; x_wconf 73' lang='lat' dir='ltr'>refirre</span> <span class='ocrx_word' id='word_1_359' title='bbox 528 2099 619 2131; x_wconf 58' lang='lat' dir='ltr'>liceat</span> <span class='ocrx_word' id='word_1_360' title='bbox 771 2099 916 2140; x_wconf 86' lang='lat' dir='ltr'>imponit</span> <span class='ocrx_word' id='word_1_361' title='bbox 940 2101 966 2132; x_wconf 93' lang='grc' dir='ltr'>Π</span> <span class='ocrx_word' id='word_1_362' title='bbox 970 2100 1038 2139; x_wconf 89' lang='lat' dir='ltr'>JZ</span> <span class='ocrx_word' id='word_1_363' title='bbox 1044 2100 1110 2132; x_wconf 87' lang='lat' dir='ltr'>ald.</span> <span class='ocrx_word' id='word_1_364' title='bbox 1129 2101 1225 2134; x_wconf 84' lang='lat' dir='ltr'>Frob.</span> <span class='ocrx_word' id='word_1_365' title='bbox 1246 2111 1274 2135; x_wconf 89' lang='lat'><strong><em>1.</em></strong></span> <span class='ocrx_word' id='word_1_366' title='bbox 1294 2111 1334 2133; x_wconf 82' lang='lat'>2:</span> <span class='ocrx_word' id='word_1_367' title='bbox 1358 2108 1451 2142; x_wconf 83' lang='lat' dir='ltr'>oppo</span> 
     </span>
     <span class='ocr_line' id='line_1_44' title="bbox 248 2141 1516 2186; baseline 0.002 -12"><span class='ocrx_word' id='word_1_368' title='bbox 248 2143 410 2183; x_wconf 86' lang='lat' dir='ltr'>imposuit</span> <span class='ocrx_word' id='word_1_369' title='bbox 430 2141 461 2173; x_wconf 92' lang='lat' dir='ltr'><strong><em>Y</em></strong></span> <span class='ocrx_word' id='word_1_370' title='bbox 608 2154 676 2183; x_wconf 94' lang='lat' dir='ltr'>quo</span> <span class='ocrx_word' id='word_1_371' title='bbox 693 2143 803 2175; x_wconf 88' lang='lat' dir='ltr'>subita</span> <span class='ocrx_word' id='word_1_372' title='bbox 819 2149 975 2176; x_wconf 89' lang='lat' dir='ltr'>uocasset</span> <span class='ocrx_word' id='word_1_373' title='bbox 991 2157 1020 2177; x_wconf 82' lang='grc' dir='ltr'>π</span> <span class='ocrx_word' id='word_1_374' title='bbox 1037 2146 1068 2186; x_wconf 81' lang='grc' dir='ltr'>(ε</span> <span class='ocrx_word' id='word_1_375' title='bbox 1054 2144 1110 2176; x_wconf 67' lang='grc' dir='ltr'>«τά</span> <span class='ocrx_word' id='word_1_376' title='bbox 1121 2155 1186 2186; x_wconf 89' lang='lat' dir='ltr'>qua</span> <span class='ocrx_word' id='word_1_377' title='bbox 1195 2149 1259 2186; x_wconf 84' lang='lat' dir='ltr'>pro</span> <span class='ocrx_word' id='word_1_378' title='bbox 1274 2155 1341 2186; x_wconf 85' lang='lat' dir='ltr'>quo</span> <span class='ocrx_word' id='word_1_379' title='bbox 1357 2148 1433 2176; x_wconf 75' lang='lat' dir='ltr'>ante</span> <span class='ocrx_word' id='word_1_380' title='bbox 1452 2160 1468 2180; x_wconf 54' lang='grc' dir='ltr'>υ,</span> <span class='ocrx_word' id='word_1_381' title='bbox 1510 2147 1516 2183; x_wconf 61' lang='lat' dir='ltr'>j</span> 
     </span>
     <span class='ocr_line' id='line_1_45' title="bbox 246 2184 1515 2230; baseline 0.003 -13"><span class='ocrx_word' id='word_1_382' title='bbox 246 2185 304 2227; x_wconf 91' lang='lat' dir='ltr'>M)</span> <span class='ocrx_word' id='word_1_383' title='bbox 325 2186 450 2218; x_wconf 88' lang='lat' dir='ltr'>Gron.:</span> <span class='ocrx_word' id='word_1_384' title='bbox 474 2197 560 2227; x_wconf 89' lang='lat' dir='ltr'>quos</span> <span class='ocrx_word' id='word_1_385' title='bbox 577 2187 631 2218; x_wconf 90' lang='lat' dir='ltr'>ubi</span> <span class='ocrx_word' id='word_1_386' title='bbox 656 2193 835 2219; x_wconf 90' lang='lat' dir='ltr'>auocasset</span> <span class='ocrx_word' id='word_1_387' title='bbox 857 2187 983 2219; x_wconf 85' lang='lat' dir='ltr'><strong><em>BDA.</em></strong></span> <span class='ocrx_word' id='word_1_388' title='bbox 1014 2198 1082 2228; x_wconf 94' lang='lat' dir='ltr'>quo</span> <span class='ocrx_word' id='word_1_389' title='bbox 1103 2189 1156 2220; x_wconf 87' lang='lat' dir='ltr'>uis</span> <span class='ocrx_word' id='word_1_390' title='bbox 1181 2191 1264 2230; x_wconf 89' lang='lat' dir='ltr'>(quo</span> <span class='ocrx_word' id='word_1_391' title='bbox 1283 2189 1394 2221; x_wconf 76' lang='lat' dir='ltr'>subita</span> <span class='ocrx_word' id='word_1_392' title='bbox 1422 2201 1426 2213; x_wconf 88' lang='lat'>·</span> <span class='ocrx_word' id='word_1_393' title='bbox 1444 2205 1446 2208; x_wconf 86' lang='lat'><strong><em>.</em></strong></span> <span class='ocrx_word' id='word_1_394' title='bbox 1512 2184 1515 2196; x_wconf 79' lang='lat'><em>&#39;</em></span> 
     </span>
     <span class='ocr_line' id='line_1_46' title="bbox 248 2230 1513 2273; baseline 0.002 -12"><span class='ocrx_word' id='word_1_395' title='bbox 248 2231 450 2262; x_wconf 89' lang='lat' dir='ltr'>aduocasset</span> <span class='ocrx_word' id='word_1_396' title='bbox 460 2230 595 2262; x_wconf 80' lang='lat' dir='ltr'><strong><em>A⁶0ald.</em></strong></span> <span class='ocrx_word' id='word_1_397' title='bbox 768 2241 823 2262; x_wconf 91' lang='lat' dir='ltr'>res</span> <span class='ocrx_word' id='word_1_398' title='bbox 837 2231 1001 2262; x_wconf 88' lang='lat' dir='ltr'>intentam</span> <span class='ocrx_word' id='word_1_399' title='bbox 1014 2232 1077 2264; x_wconf 87' lang='lat' dir='ltr'>PC</span> <span class='ocrx_word' id='word_1_400' title='bbox 1080 2231 1093 2251; x_wconf 81' lang='lat'>⁴</span> <span class='ocrx_word' id='word_1_401' title='bbox 1107 2233 1193 2273; x_wconf 84' lang='lat' dir='ltr'>(rem</span> <span class='ocrx_word' id='word_1_402' title='bbox 1204 2231 1234 2264; x_wconf 86' lang='lat' dir='ltr'><em>C</em></span> <span class='ocrx_word' id='word_1_403' title='bbox 1237 2233 1250 2273; x_wconf 93' lang='lat'><em>)</em></span> <span class='ocrx_word' id='word_1_404' title='bbox 1269 2231 1396 2265; x_wconf 85' lang='lat' dir='ltr'>Gron.·</span> <span class='ocrx_word' id='word_1_405' title='bbox 1410 2241 1450 2263; x_wconf 90' lang='lat' dir='ltr'>r</span> <span class='ocrx_word' id='word_1_406' title='bbox 1512 2243 1513 2246; x_wconf 53' lang='lat'>¹</span> 
     </span>
     <span class='ocr_line' id='line_1_47' title="bbox 249 2273 1512 2317; baseline 0.002 -12"><span class='ocrx_word' id='word_1_407' title='bbox 249 2280 316 2305; x_wconf 83' lang='lat' dir='ltr'>tam</span> <span class='ocrx_word' id='word_1_408' title='bbox 335 2277 404 2315; x_wconf 82' lang='lat' dir='ltr'>(res</span> <span class='ocrx_word' id='word_1_409' title='bbox 420 2274 494 2305; x_wconf 87' lang='lat' dir='ltr'>sist-</span> <span class='ocrx_word' id='word_1_410' title='bbox 510 2274 556 2314; x_wconf 88' lang='grc' dir='ltr'>Β)</span> <span class='ocrx_word' id='word_1_411' title='bbox 568 2273 676 2305; x_wconf 81' lang='lat' dir='ltr'>RMB</span> <span class='ocrx_word' id='word_1_412' title='bbox 693 2275 720 2316; x_wconf 91' lang='lat'>(-</span> <span class='ocrx_word' id='word_1_413' title='bbox 709 2280 790 2306; x_wconf 90' lang='lat' dir='ltr'>-tem</span> <span class='ocrx_word' id='word_1_414' title='bbox 807 2274 898 2305; x_wconf 80' lang='grc' dir='ltr'>ΒΑΘ</span> <span class='ocrx_word' id='word_1_415' title='bbox 913 2274 1000 2307; x_wconf 84' lang='lat' dir='ltr'><strong><em>Edd.</em></strong></span> <span class='ocrx_word' id='word_1_416' title='bbox 1016 2279 1094 2307; x_wconf 79' lang='lat' dir='ltr'>ante</span> <span class='ocrx_word' id='word_1_417' title='bbox 1110 2275 1210 2308; x_wconf 87' lang='lat' dir='ltr'>Gron.</span> <span class='ocrx_word' id='word_1_418' title='bbox 1215 2276 1229 2317; x_wconf 92' lang='lat'>)</span> <span class='ocrx_word' id='word_1_419' title='bbox 1404 2283 1428 2316; x_wconf 81' lang='grc'><strong>3</strong></span> <span class='ocrx_word' id='word_1_420' title='bbox 1453 2282 1455 2284; x_wconf 81' lang='grc'><strong><em>·</em></strong></span> <span class='ocrx_word' id='word_1_421' title='bbox 1509 2308 1512 2314; x_wconf 26' lang='grc' dir='ltr'><strong>Δ</strong></span> 
     </span>
     <span class='ocr_line' id='line_1_48' title="bbox 254 2315 1511 2362; baseline 0.003 -14"><span class='ocrx_word' id='word_1_422' title='bbox 254 2317 447 2350; x_wconf 78' lang='lat' dir='ltr'>We1&#39;ssenb.:</span> <span class='ocrx_word' id='word_1_423' title='bbox 472 2319 574 2349; x_wconf 86' lang='lat' dir='ltr'>mittit</span> <span class='ocrx_word' id='word_1_424' title='bbox 592 2318 722 2359; x_wconf 69' lang='lat' dir='ltr'>fleald„</span> <span class='ocrx_word' id='word_1_425' title='bbox 746 2319 805 2349; x_wconf 86' lang='lat' dir='ltr'>uix</span> <span class='ocrx_word' id='word_1_426' title='bbox 827 2323 914 2358; x_wconf 78' lang='lat' dir='ltr'>recle,</span> <span class='ocrx_word' id='word_1_427' title='bbox 935 2329 1150 2360; x_wconf 82' lang='lat' dir='ltr'>quamquam</span> <span class='ocrx_word' id='word_1_428' title='bbox 1170 2320 1208 2362; x_wconf 74' lang='lat' dir='ltr'>cf</span> <span class='ocrx_word' id='word_1_429' title='bbox 1228 2329 1289 2361; x_wconf 67' lang='lat' dir='ltr'><strong><em>eg.</em></strong></span> <span class='ocrx_word' id='word_1_430' title='bbox 1315 2318 1407 2361; x_wconf 56' lang='grc' dir='ltr'>γῆς.</span> <span class='ocrx_word' id='word_1_431' title='bbox 1446 2320 1448 2325; x_wconf 82' lang='grc'><strong>’</strong></span> <span class='ocrx_word' id='word_1_432' title='bbox 1507 2315 1511 2328; x_wconf 84' lang='grc'>’“</span> 
     </span>
     <span class='ocr_line' id='line_1_49' title="bbox 251 2342 1511 2415; baseline 0.003 -24"><span class='ocrx_word' id='word_1_433' title='bbox 251 2371 313 2401; x_wconf 89' lang='lat'>715</span> <span class='ocrx_word' id='word_1_434' title='bbox 489 2342 740 2393; x_wconf 88' lang='lat' dir='ltr'>summittendis</span> <span class='ocrx_word' id='word_1_435' title='bbox 755 2361 794 2402; x_wconf 88' lang='lat' dir='ltr'>P,</span> <span class='ocrx_word' id='word_1_436' title='bbox 815 2373 847 2393; x_wconf 88' lang='lat' dir='ltr'><strong><em>u.</em></strong></span> <span class='ocrx_word' id='word_1_437' title='bbox 866 2365 882 2400; x_wconf 84' lang='lat'>§</span> <span class='ocrx_word' id='word_1_438' title='bbox 903 2373 922 2401; x_wconf 85' lang='lat'>4</span> <span class='ocrx_word' id='word_1_439' title='bbox 941 2362 1019 2394; x_wconf 85' lang='lat' dir='ltr'>adn.</span> <span class='ocrx_word' id='word_1_440' title='bbox 1202 2373 1222 2403; x_wconf 87' lang='lat'>4</span> <span class='ocrx_word' id='word_1_441' title='bbox 1245 2363 1397 2415; x_wconf 67' lang='lat' dir='ltr'>impares</span> <span class='ocrx_word' id='word_1_442' title='bbox 1417 2362 1449 2404; x_wconf 97' lang='lat'>(</span> <span class='ocrx_word' id='word_1_443' title='bbox 1508 2382 1511 2385; x_wconf 28' lang='grc' dir='ltr'><strong>Δ</strong></span> 
     </span>
     <span class='ocr_line' id='line_1_50' title="bbox 251 2403 1510 2456; baseline 0.002 -20"><span class='ocrx_word' id='word_1_444' title='bbox 251 2403 347 2444; x_wconf 82' lang='lat' dir='ltr'><em>CM²‚</em></span> <span class='ocrx_word' id='word_1_445' title='bbox 364 2404 497 2437; x_wconf 85' lang='lat' dir='ltr'><em>Duker:</em></span> <span class='ocrx_word' id='word_1_446' title='bbox 523 2406 652 2445; x_wconf 86' lang='lat' dir='ltr'>impare</span> <span class='ocrx_word' id='word_1_447' title='bbox 664 2405 752 2437; x_wconf 90' lang='lat' dir='ltr'>PR:</span> <span class='ocrx_word' id='word_1_448' title='bbox 775 2406 888 2456; x_wconf 86' lang='lat' dir='ltr'>impar</span> <span class='ocrx_word' id='word_1_449' title='bbox 898 2405 1070 2437; x_wconf 75' lang='lat' dir='ltr'><em>R2MB²D</em></span> <span class='ocrx_word' id='word_1_450' title='bbox 1092 2407 1215 2448; x_wconf 86' lang='lat' dir='ltr'>(impar</span> <span class='ocrx_word' id='word_1_451' title='bbox 1225 2411 1260 2439; x_wconf 85' lang='lat' dir='ltr'>te</span> <span class='ocrx_word' id='word_1_452' title='bbox 1272 2406 1316 2447; x_wconf 89' lang='grc' dir='ltr'>Β,</span> <span class='ocrx_word' id='word_1_453' title='bbox 1334 2406 1396 2448; x_wconf 74' lang='lat' dir='ltr'>qui</span> <span class='ocrx_word' id='word_1_454' title='bbox 1406 2416 1418 2438; x_wconf 71' lang='lat' dir='ltr'><em>u</em></span> <span class='ocrx_word' id='word_1_455' title='bbox 1436 2412 1439 2413; x_wconf 73' lang='grc'>’</span> <span class='ocrx_word' id='word_1_456' title='bbox 1457 2439 1461 2443; x_wconf 86' lang='grc'>,</span> <span class='ocrx_word' id='word_1_457' title='bbox 1506 2424 1510 2440; x_wconf 63' lang='grc' dir='ltr'>ι</span> 
     </span>
     <span class='ocr_line' id='line_1_51' title="bbox 251 2448 1508 2499; baseline 0.002 -20"><span class='ocrx_word' id='word_1_458' title='bbox 251 2449 285 2479; x_wconf 85' lang='lat' dir='ltr'>iv</span> <span class='ocrx_word' id='word_1_459' title='bbox 307 2448 365 2481; x_wconf 69' lang='lat' dir='ltr'>litt.</span> <span class='ocrx_word' id='word_1_460' title='bbox 393 2449 527 2499; x_wconf 54' lang='lat' dir='ltr'>reliquit</span> <span class='ocrx_word' id='word_1_461' title='bbox 543 2453 619 2480; x_wconf 83' lang='lat' dir='ltr'>ante</span> <span class='ocrx_word' id='word_1_462' title='bbox 640 2450 742 2488; x_wconf 88' lang='lat' dir='ltr'>acies,</span> <span class='ocrx_word' id='word_1_463' title='bbox 771 2461 852 2481; x_wconf 79' lang='lat' dir='ltr'>mox</span> <span class='ocrx_word' id='word_1_464' title='bbox 874 2461 908 2480; x_wconf 87' lang='lat' dir='ltr'>m</span> <span class='ocrx_word' id='word_1_465' title='bbox 930 2451 1039 2490; x_wconf 88' lang='lat' dir='ltr'>impar</span> <span class='ocrx_word' id='word_1_466' title='bbox 1060 2455 1191 2483; x_wconf 86' lang='lat' dir='ltr'>stetere</span> <span class='ocrx_word' id='word_1_467' title='bbox 1215 2451 1314 2484; x_wconf 83' lang='lat' dir='ltr'>uertit</span> <span class='ocrx_word' id='word_1_468' title='bbox 1334 2449 1420 2492; x_wconf 76' lang='lat' dir='ltr'><strong>B²)·</strong></span> <span class='ocrx_word' id='word_1_469' title='bbox 1458 2471 1464 2482; x_wconf 60' lang='lat'><em>2</em></span> <span class='ocrx_word' id='word_1_470' title='bbox 1505 2461 1508 2467; x_wconf 70' lang='lat'>⁵</span> 
     </span>
     <span class='ocr_line' id='line_1_52' title="bbox 251 2492 1501 2535; baseline 0.002 -12"><span class='ocrx_word' id='word_1_471' title='bbox 251 2492 388 2532; x_wconf 62' lang='lat' dir='ltr'>Aeald„</span> <span class='ocrx_word' id='word_1_472' title='bbox 406 2503 461 2533; x_wconf 82' lang='lat' dir='ltr'>qut</span> <span class='ocrx_word' id='word_1_473' title='bbox 477 2492 550 2524; x_wconf 87' lang='lat' dir='ltr'>acie</span> <span class='ocrx_word' id='word_1_474' title='bbox 569 2495 659 2533; x_wconf 86' lang='lat' dir='ltr'>(cum</span> <span class='ocrx_word' id='word_1_475' title='bbox 677 2493 733 2523; x_wconf 91' lang='lat' dir='ltr'>D·</span> <span class='ocrx_word' id='word_1_476' title='bbox 726 2518 733 2524; x_wconf 92' lang='lat'><strong><em>.</em></strong></span> <span class='ocrx_word' id='word_1_477' title='bbox 756 2494 847 2525; x_wconf 88' lang='lat' dir='ltr'>acies</span> <span class='ocrx_word' id='word_1_478' title='bbox 864 2494 905 2535; x_wconf 81' lang='grc' dir='ltr'>π)</span> <span class='ocrx_word' id='word_1_479' title='bbox 918 2494 1074 2535; x_wconf 79' lang='lat' dir='ltr'>praebent</span> <span class='ocrx_word' id='word_1_480' title='bbox 1496 2496 1501 2511; x_wconf 74' lang='lat'>&#39;¹</span> 
     </span>
    </p>
   </div>
   <div class='ocr_carea' id='block_1_7' title="bbox 1389 2590 1492 2615">
    <p class='ocr_par' dir='ltr' id='par_1_9' title="bbox 1389 2590 1492 2615">
     <span class='ocr_line' id='line_1_53' title="bbox 1389 2590 1492 2615; baseline 0 -13"><span class='ocrx_word' id='word_1_481' title='bbox 1389 2600 1406 2615; x_wconf 67' lang='grc'><strong>.</strong></span> <span class='ocrx_word' id='word_1_482' title='bbox 1482 2590 1492 2602; x_wconf 58' lang='grc' dir='ltr'><strong>Ἃ</strong></span> 
     </span>
    </p>
   </div>
  </div>
 </body>
</html>
