1546 2756
23 134 59 229 ἔ
423 147 496 184 ΑΒ
526 145 678 184 VRBE
707 144 970 185 CONDITA
1148 144 1287 183 XXVI
1310 151 1358 194 15
1380 159 1398 190 3

29 227 131 322 §um
149 254 513 295 communicassent
532 254 697 295 consilia
716 268 808 293 cum
827 253 970 305 aliquis
999 252 1196 294 sociorum
1225 252 1358 292 Latini

30 320 205 381 {ominis
217 318 553 375 [municipiorum]
568 328 607 360 et
621 333 718 359 num
734 333 811 371 ope
827 333 964 359 eorum
978 319 1018 358 in
1031 319 1138 358 bello
1152 319 1279 358 forent
1291 319 1359 358 ad-

30 383 117 434 inti.
174 387 223 426 Id
249 398 345 425 uero
371 384 535 424 minime
562 383 893 423 committendum
924 398 1011 423 esse
1036 383 1201 423 Fuluius
1226 384 1358 424 dicere
1378 397 1399 430 4

33 458 80 498 ᾖε
92 450 391 491 sollicitarentur
409 448 641 488 criminibus
661 448 793 488 dubiis
814 448 1012 488 sociorum
1029 449 1207 488 fidelium
1222 448 1356 497 animi,

35 522 76 565 est
93 515 364 556 subicerentur
382 514 582 555 indicibus
601 513 690 566 quis
711 527 842 565 neque
866 513 984 567 (quid
1008 513 1188 555 dicerent
1210 513 1361 567 neque)

32 582 132 637 quid
161 583 334 624 facerent
367 580 583 632 quicquam
616 593 796 631 unquam
818 580 933 631 pensi
958 581 1097 620 fuisset
1111 594 1125 631 ;
1151 580 1286 631 itaque
1316 593 1359 619 se

35 639 123 690 ''oem
141 645 415 697 quaestionem
435 658 717 696 oppressurum
737 644 1114 697 exstincturumque.
1198 645 1265 684 Ab
1281 646 1358 683 hoc
1378 658 1396 690 5

36 724 216 762 sermone
244 724 336 750 cum
365 709 530 762 digressi
552 717 697 758 essent,
726 717 766 749 et
787 709 943 761 Appius
968 709 1152 761 quamuis
1179 709 1358 750 ferociter

36 764 263 828 loquentem
283 778 476 827 collegam
496 789 579 815 non
598 775 797 815 dubitaret
810 783 944 815 tamen
956 775 1104 816 litteras
1118 790 1235 827 super
1250 782 1359 814 tanta

36 850 79 893 lje
105 843 156 882 ab
188 844 321 882 Roma
345 849 674 893 exspectaturum,
709 841 884 889 Fuluius,
910 855 962 881 ne
982 841 1023 881 id
1043 842 1174 893 ipsum
1195 840 1359 893 impedi-
1376 848 1399 882 6

38 916 214 958 mentum
234 907 393 958 incepto
409 908 519 955 foret,
535 906 739 946 dimittens
752 906 993 958 praetorium
1004 906 1172 946 tribunis
1189 906 1359 946 militum

37 985 85 1017 ac
101 972 306 1025 praefectis
327 972 480 1012 socium
501 972 711 1023 imperauit
729 971 787 1011 uti
808 972 967 1012 duobus
992 971 1153 1012 milibus
1178 971 1358 1022 equitum

38 1035 199 1081 delectis
218 1037 497 1078 denuntiarent
520 1045 563 1076 ut
583 1039 635 1077 ad
655 1038 810 1077 tertiam
830 1038 1018 1078 bucinam
1038 1046 1195 1091 praesto
1214 1045 1358 1078 essent.

62 1107 63 1110 ’
90 1105 195 1147 Cum
214 1106 292 1144 hoc
318 1103 496 1155 equitatu
520 1111 640 1144 nocte
668 1106 851 1143 Teanum
878 1105 1088 1155 profectus,
1119 1104 1246 1156 prima
1271 1105 1359 1143 luce
1380 1113 1397 1149 7

38 1167 189 1225 pprtam
222 1169 382 1208 intrauit
411 1177 533 1220 atque
556 1168 598 1208 in
623 1169 754 1208 forum
777 1168 944 1220 perrexit
957 1184 969 1218 3
1007 1182 1282 1220 concursuque
1307 1169 1359 1208 ad

39 1237 206 1293 ffimum
234 1235 414 1286 equitum
444 1234 663 1286 ingressum
696 1236 803 1274 sacto
834 1234 1104 1286 magistratum
1139 1233 1358 1274 Sidicinum

39 1295 146 1351 dtari
165 1300 276 1340 iussit
295 1300 586 1352 imperauitque
604 1308 648 1340 ut
671 1301 908 1352 produceret
934 1300 1164 1351 Campanos
1191 1312 1292 1350 quos
1318 1298 1359 1336 in

39 1366 219 1420 cgstodia
236 1367 413 1407 haberet.
471 1365 661 1406 Producti
679 1379 822 1406 omnes
840 1365 1040 1418 uirgisque
1054 1365 1218 1405 caesiac
1233 1364 1359 1405 securi
1379 1372 1398 1403 8

40 1421 224 1498 ssrcussi.
292 1434 394 1473 Inde
424 1434 546 1472 citato
573 1445 679 1483 equo
708 1433 826 1473 Cales
854 1432 1045 1484 percurrit
1060 1446 1072 1481 ;
1099 1430 1169 1470 ubi
1198 1445 1287 1470 cum
1319 1430 1359 1470 in

41 1496 224 1550 &bunali
241 1498 489 1539 consedisset
514 1498 778 1550 productique
802 1497 999 1549 Campani
1022 1497 1286 1549 deligarentur
1306 1497 1360 1536 ad

40 1562 83 1613 ,ιῖ
105 1577 185 1615 um,
218 1579 342 1618 eques
375 1565 477 1606 citus
505 1565 557 1604 ab
587 1566 720 1604 Roma
748 1565 858 1603 uenit
886 1564 1115 1614 litterasque
1142 1576 1167 1602 a
1195 1563 1241 1603 C.
1273 1563 1361 1603 Cal-

41 1649 97 1679 21·
141 1629 180 1670 io
200 1638 378 1682 praetore
395 1631 538 1670 Fuluio
557 1637 596 1670 et
613 1637 772 1669 senatus
785 1630 1011 1669 consultum
1025 1629 1155 1668 tradit.
1178 1629 1360 1667 Murmur
1378 1639 1399 1672 9

61 1716 106 1771 ⁴13
125 1727 245 1769 aliquis
263 1729 289 1761 Π
308 1728 380 1761 dett.
399 1728 488 1768 aliq„
506 1726 544 1768 cf
562 1737 621 1769 eg.
640 1738 692 1766 24.
711 1738 762 1759 22.
778 1737 816 1767 14
833 1739 840 1759 :
864 1727 1032 1767 aliquibus
1048 1725 1183 1758 A⁷0ald.

44 1790 57 1797 1
75 1772 298 1813 -ιιίοἰρίοι-υω
314 1773 410 1814 (post
422 1771 582 1811 nominis)
603 1771 719 1803 noald.
733 1783 740 1804 :
765 1775 840 1802 recle
855 1775 894 1802 ut
903 1771 1006 1811 gloss.
1018 1771 1148 1802 seclusit
1162 1769 1279 1802 Madv.
1295 1781 1303 1801 z
1328 1774 1362 1801 et

55 1836 57 1840 ⁴
75 1833 83 1854 ¹,
97 1830 112 1843 v·
151 1815 252 1848 Gmn.
269 1827 278 1847 t
300 1822 358 1847 aut
375 1826 464 1848 mun.
482 1815 530 1847 H.
546 1816 583 1854 J.
602 1815 742 1846 Mueller
811 1818 888 1856 post
904 1815 1015 1846 forent
1031 1814 1108 1847 add.
1127 1825 1147 1846 e
1163 1815 1205 1845 ad
1222 1813 1360 1845 munici-

197 1859 302 1899 PCR,
325 1865 359 1892 et
382 1861 425 1892 ad
450 1870 492 1892 m.
510 1858 742 1898 R²MBDAJ‚
766 1863 801 1890 et
820 1869 864 1889 m.
890 1858 973 1899 (om.
990 1859 1052 1900 ad)
1074 1858 1141 1891 ald.
1159 1870 1167 1889 ε
1189 1857 1294 1888 delent
1310 1857 1357 1888 Ρι

45 1902 55 1913 ’
85 1912 99 1930 ¹-
127 1908 252 1946 puncta
273 1909 388 1945 supra.
408 1903 470 1935 sed
489 1909 593 1944 supra
609 1914 628 1934 e
645 1903 731 1934 illud
748 1902 882 1934 uidetur
901 1903 1007 1933 littera
1024 1913 1041 1933 c
1052 1907 1116 1943 pro
1134 1906 1257 1942 puncto
1275 1905 1362 1932 stare

60 1954 67 1958 '
79 1951 93 1985 ss
133 1951 173 1979 ut
183 1948 226 1978 sit
235 1947 360 1988 siglum
374 1948 427 1978 uel
435 1946 594 1979 secundae
604 1947 668 1978 lect.
684 1946 737 1977 uel
745 1947 951 1987 correcturae)
970 1945 998 1976 C
1000 1946 1012 1964 ⁴
1027 1946 1081 1977 uel
1091 1945 1119 1977 C
1123 1945 1186 1976 ²A⁷
1202 1957 1209 1976 :
1233 1955 1299 1976 om.
1314 1943 1358 1976 K.

46 2007 95 2049 d>
112 1994 191 2022 urei
214 1991 318 2041 igitur
335 1991 595 2042 ‘municipiorum
620 1989 790 2040 gloss-erpa
807 1991 918 2041 suzlsse
945 1989 1036 2039 qtuod
1058 1988 1308 2039 bis-Puteanus
1329 1992 1364 2037 et

96 2053 98 2058 ν
130 2051 135 2058 1
158 2038 190 2066 et
202 2034 253 2066 luc
267 2035 337 2076 (ubt
352 2045 422 2066 tam
438 2036 497 2066 ad·
512 2045 551 2066 ex
566 2045 638 2065 uoce
652 2035 757 2066 adiuti
772 2033 938 2074 smbebat)
955 2033 1137 2064 mtroduxzt
1236 2043 1255 2071 4
1280 2032 1361 2072 quid

54 2084 99 2103 Ν-
120 2082 197 2110 rent
213 2088 323 2120 neque
338 2079 390 2110 hic
403 2078 479 2111 add.
498 2077 683 2117 Alschefski
696 2078 787 2118 (post
801 2077 949 2109 facerent
966 2077 1036 2108 iam
1052 2087 1162 2117 neque
1178 2075 1259 2116 quid
1273 2076 1360 2106 dice-

71 2127 122 2154 «ιε
138 2121 214 2154 add.
230 2122 279 2155 ed,
295 2121 376 2154 Par.
391 2122 488 2162 1513)
503 2133 510 2153 :
533 2121 690 2162 {gnorunt
706 2121 764 2160 no,
783 2122 822 2160 cf.
839 2132 861 2152 c.
879 2123 912 2152 6.
929 2122 968 2151 16
984 2120 1064 2152 adn.
1231 2129 1270 2150 se
1286 2129 1361 2150 eam

47 2191 51 2202 Ἴ.
79 2164 251 2240 ‘galium
267 2166 415 2197 duarum
437 2166 495 2197 litt.
516 2169 593 2205 post
608 2175 681 2215 e-am
700 2165 826 2204 reliquit
838 2163 1005 2224 P>A⁷pft
1019 2163 1084 2195 ald.
1105 2174 1112 2195 :
1135 2173 1172 2194 se
1189 2163 1290 2194 etiam
1306 2163 1361 2211 ᾼθ

151 2218 272 2241 omnes
297 2207 714 2250 C⁴M(0nes)BA(oms)0:
741 2218 826 2238 ones
849 2207 963 2238 PCR.
988 2218 1055 2239 om.
1082 2207 1126 2246 D,
1146 2209 1228 2247 spat.
1255 2216 1277 2237 v
1299 2205 1359 2238 lut.

93 2258 94 2261 ’
126 2267 142 2278 ‘¹
311 2258 470 2293 praetore
488 2251 559 2291 (sed
572 2251 628 2291 pr}
643 2249 706 2282 PC
716 2249 880 2291 Sigonius
894 2261 901 2281 :
925 2251 1073 2290 populus
1089 2259 1249 2281 romanus
1265 2247 1344 2280 ΗΜ
1352 2259 1361 2280 :

58 2312 62 2321 =
100 2295 102 2298 ’
125 2310 130 2321 ·
152 2305 174 2328 ο
190 2305 327 2328 romano
342 2307 363 2328 a
377 2295 447 2327 BD
463 2296 545 2336 (om.
562 2305 583 2326 a
598 2294 646 2333 D)
663 2305 672 2325 τ
694 2293 890 2334 populoque
911 2303 1049 2325 romano
1070 2292 1194 2324 Aoald.
1213 2303 1222 2332 ;
1244 2293 1282 2333 cf
1300 2302 1362 2334 eg.
1416 2322 1421 2327 ,

44 2336 46 2341 ’
64 2346 143 2380 ‚03-
155 2348 178 2380 3
193 2339 261 2371 adn
437 2343 471 2370 et
487 2341 513 2370 ἓ.
532 2339 562 2368 ὃ.
579 2338 682 2368 tradit
696 2336 758 2367 PC
772 2336 874 2368 Gron.
890 2348 898 2367 :
921 2342 974 2368 est
989 2339 1007 2368 ὃ
1022 2337 1125 2368 tradit
1141 2335 1218 2367 RM
1227 2346 1236 2367 ι
1259 2336 1364 2368 tradit

61 2388 107 2421 ἐξ
126 2383 254 2416 consuli
263 2362 371 2415 Otradit
387 2382 454 2413 3²:
483 2385 520 2413 .ὂ.
545 2381 648 2412 tradit
668 2380 722 2412 D:
747 2381 915 2412 contradit
931 2380 1006 2412 Ae:
1031 2380 1167 2411 tradidit
1183 2379 1270 2411 Edd.
1288 2383 1363 2412 ante

120 2438 150 2460 .:
172 2437 245 2459 eum
261 2427 458 2459 tradidisset
474 2424 587 2456 Aldus
603 2424 655 2464 (cf.
674 2435 695 2454 c.
715 2434 765 2463 32.
786 2425 820 2464 8)
